<?xml version="1.0" encoding="UTF-8"?>
<!DOCTYPE html PUBLIC "-//W3C//DTD XHTML 1.0 Transitional//EN"
    "http://www.w3.org/TR/xhtml1/DTD/xhtml1-transitional.dtd">
<html xmlns="http://www.w3.org/1999/xhtml" xml:lang="en" lang="en">
 <head>
  <title>
</title>
<meta http-equiv="Content-Type" content="text/html;charset=utf-8" />
  <meta name='ocr-system' content='tesseract 3.04.00' />
  <meta name='ocr-capabilities' content='ocr_page ocr_carea ocr_par ocr_line ocrx_word'/>
</head>
<body>
  <div class='ocr_page' id='page_1' title='image "./tabulaeregiomont00bessuoft_0011.png"; bbox 0 0 2034 3600; ppageno 0'>
   <div class='ocr_carea' id='block_1_1' title="bbox 195 348 1800 2193">
    <p class='ocr_par' dir='ltr' id='par_1_1' title="bbox 195 348 1784 529">
     <span class='ocr_line' id='line_1_1' title="bbox 195 348 1784 398; baseline 0 -11"><span class='ocrx_word' id='word_1_1' title='bbox 195 353 339 398; x_wconf 84' lang='lat' dir='ltr'><strong>junctae</strong></span> <span class='ocrx_word' id='word_1_2' title='bbox 362 354 459 394; x_wconf 84' lang='lat' dir='ltr'><strong>sunt,</strong></span> <span class='ocrx_word' id='word_1_3' title='bbox 482 350 579 398; x_wconf 89' lang='lat' dir='ltr'><strong>prius</strong></span> <span class='ocrx_word' id='word_1_4' title='bbox 603 352 849 386; x_wconf 74' lang='lat' dir='ltr'><strong>construantur</strong></span> <span class='ocrx_word' id='word_1_5' title='bbox 872 351 1012 396; x_wconf 77' lang='lat' dir='ltr'><strong>oportet</strong></span> <span class='ocrx_word' id='word_1_6' title='bbox 1036 348 1191 395; x_wconf 82' lang='lat' dir='ltr'><strong>catalogi</strong></span> <span class='ocrx_word' id='word_1_7' title='bbox 1213 360 1277 396; x_wconf 88' lang='lat' dir='ltr'><strong>pro</strong></span> <span class='ocrx_word' id='word_1_8' title='bbox 1301 348 1474 384; x_wconf 85' lang='lat' dir='ltr'><strong>universis</strong></span> <span class='ocrx_word' id='word_1_9' title='bbox 1491 349 1659 397; x_wconf 88' lang='lat' dir='ltr'><strong>planetis,</strong></span> <span class='ocrx_word' id='word_1_10' title='bbox 1683 362 1784 397; x_wconf 86' lang='lat' dir='ltr'><strong>quam</strong></span> 
     </span>
     <span class='ocr_line' id='line_1_2' title="bbox 196 413 1784 463; baseline -0.001 -11"><span class='ocrx_word' id='word_1_11' title='bbox 196 417 335 452; x_wconf 84' lang='lat' dir='ltr'><strong>theoria</strong></span> <span class='ocrx_word' id='word_1_12' title='bbox 362 415 557 463; x_wconf 84' lang='lat' dir='ltr'><strong>inquiratur</strong></span> <span class='ocrx_word' id='word_1_13' title='bbox 588 413 797 460; x_wconf 83' lang='lat' dir='ltr'><strong>singulorum</strong></span> <span class='ocrx_word' id='word_1_14' title='bbox 827 414 875 459; x_wconf 68' lang='lat'><strong>¹³).</strong></span> <span class='ocrx_word' id='word_1_15' title='bbox 947 414 1026 456; x_wconf 81' lang='lat' dir='ltr'><strong>Quo</strong></span> <span class='ocrx_word' id='word_1_16' title='bbox 1054 413 1176 449; x_wconf 90' lang='lat' dir='ltr'><strong>labore</strong></span> <span class='ocrx_word' id='word_1_17' title='bbox 1211 413 1335 448; x_wconf 91' lang='lat' dir='ltr'><strong>nullum</strong></span> <span class='ocrx_word' id='word_1_18' title='bbox 1366 413 1471 448; x_wconf 84' lang='lat' dir='ltr'><strong>credo</strong></span> <span class='ocrx_word' id='word_1_19' title='bbox 1501 425 1591 449; x_wconf 93' lang='lat' dir='ltr'><strong>nunc</strong></span> <span class='ocrx_word' id='word_1_20' title='bbox 1620 415 1784 460; x_wconf 87' lang='lat' dir='ltr'><strong>majorem</strong></span> 
     </span>
     <span class='ocr_line' id='line_1_3' title="bbox 197 479 959 529; baseline -0.001 -13"><span class='ocrx_word' id='word_1_21' title='bbox 197 481 380 529; x_wconf 83' lang='lat' dir='ltr'><strong>utilitatem</strong></span> <span class='ocrx_word' id='word_1_22' title='bbox 400 479 642 516; x_wconf 84' lang='lat' dir='ltr'><strong>Astronomiae</strong></span> <span class='ocrx_word' id='word_1_23' title='bbox 665 479 845 514; x_wconf 84' lang='lat' dir='ltr'><strong>allaturum</strong></span> <span class='ocrx_word' id='word_1_24' title='bbox 869 490 959 515; x_wconf 87' lang='lat' dir='ltr'><strong>esse.</strong></span> 
     </span>
    </p>

    <p class='ocr_par' dir='ltr' id='par_1_2' title="bbox 195 541 1794 1349">
     <span class='ocr_line' id='line_1_4' title="bbox 291 541 1788 591; baseline -0.001 -11"><span class='ocrx_word' id='word_1_25' title='bbox 291 545 394 580; x_wconf 88' lang='lat' dir='ltr'><strong>Hanc</strong></span> <span class='ocrx_word' id='word_1_26' title='bbox 418 544 611 591; x_wconf 82' lang='lat' dir='ltr'><strong>opinionem</strong></span> <span class='ocrx_word' id='word_1_27' title='bbox 637 548 775 579; x_wconf 88' lang='lat' dir='ltr'><strong>secutus</strong></span> <span class='ocrx_word' id='word_1_28' title='bbox 795 544 867 588; x_wconf 87' lang='lat' dir='ltr'><strong>jam</strong></span> <span class='ocrx_word' id='word_1_29' title='bbox 891 542 1009 589; x_wconf 85' lang='lat' dir='ltr'><strong>plures</strong></span> <span class='ocrx_word' id='word_1_30' title='bbox 1034 541 1159 577; x_wconf 81' lang='lat' dir='ltr'><strong>abhinc</strong></span> <span class='ocrx_word' id='word_1_31' title='bbox 1189 553 1299 576; x_wconf 88' lang='lat' dir='ltr'><strong>annos</strong></span> <span class='ocrx_word' id='word_1_32' title='bbox 1325 544 1461 588; x_wconf 87' lang='lat' dir='ltr'><strong>partem</strong></span> <span class='ocrx_word' id='word_1_33' title='bbox 1492 542 1594 587; x_wconf 83' lang='lat' dir='ltr'><strong>hujus</strong></span> <span class='ocrx_word' id='word_1_34' title='bbox 1618 542 1788 578; x_wconf 82' lang='lat' dir='ltr'><strong>observa-</strong></span> 
     </span>
     <span class='ocr_line' id='line_1_5' title="bbox 195 605 1789 655; baseline -0.001 -11"><span class='ocrx_word' id='word_1_35' title='bbox 195 609 328 644; x_wconf 78' lang='lat' dir='ltr'><strong>tionum</strong></span> <span class='ocrx_word' id='word_1_36' title='bbox 350 608 583 651; x_wconf 74' lang='lat' dir='ltr'><strong>reductionis,</strong></span> <span class='ocrx_word' id='word_1_37' title='bbox 607 620 729 655; x_wconf 87' lang='lat' dir='ltr'><strong>nempe</strong></span> <span class='ocrx_word' id='word_1_38' title='bbox 753 607 887 650; x_wconf 90' lang='lat' dir='ltr'><strong>omnia,</strong></span> <span class='ocrx_word' id='word_1_39' title='bbox 928 618 1018 653; x_wconf 89' lang='lat' dir='ltr'><strong>quae</strong></span> <span class='ocrx_word' id='word_1_40' title='bbox 1041 606 1087 642; x_wconf 91' lang='lat' dir='ltr'><strong>ad</strong></span> <span class='ocrx_word' id='word_1_41' title='bbox 1109 605 1314 652; x_wconf 76' lang='lat' dir='ltr'><strong>apparentia</strong></span> <span class='ocrx_word' id='word_1_42' title='bbox 1336 607 1511 642; x_wconf 81' lang='lat' dir='ltr'><strong>stellarum</strong></span> <span class='ocrx_word' id='word_1_43' title='bbox 1533 607 1680 642; x_wconf 85' lang='lat' dir='ltr'><strong>fixarum</strong></span> <span class='ocrx_word' id='word_1_44' title='bbox 1694 607 1789 642; x_wconf 85' lang='lat' dir='ltr'><strong>:loca</strong></span> 
     </span>
     <span class='ocr_line' id='line_1_6' title="bbox 197 670 1789 719; baseline -0.002 -11"><span class='ocrx_word' id='word_1_45' title='bbox 197 673 394 719; x_wconf 85' lang='lat' dir='ltr'><strong>pertinent,</strong></span> <span class='ocrx_word' id='word_1_46' title='bbox 427 673 593 719; x_wconf 81' lang='lat' dir='ltr'><strong>exoptavi</strong></span> <span class='ocrx_word' id='word_1_47' title='bbox 614 673 652 707; x_wconf 88' lang='lat' dir='ltr'><strong>in</strong></span> <span class='ocrx_word' id='word_1_48' title='bbox 675 672 822 707; x_wconf 84' lang='lat' dir='ltr'><strong>medium</strong></span> <span class='ocrx_word' id='word_1_49' title='bbox 846 672 1018 719; x_wconf 83' lang='lat' dir='ltr'><strong>proferre.</strong></span> <span class='ocrx_word' id='word_1_50' title='bbox 1082 671 1196 712; x_wconf 83' lang='lat' dir='ltr'><strong>Quum</strong></span> <span class='ocrx_word' id='word_1_51' title='bbox 1226 670 1334 715; x_wconf 84' lang='lat' dir='ltr'><strong>igitur</strong></span> <span class='ocrx_word' id='word_1_52' title='bbox 1364 670 1559 716; x_wconf 80' lang='lat' dir='ltr'><strong>disquisitio</strong></span> <span class='ocrx_word' id='word_1_53' title='bbox 1593 670 1637 705; x_wconf 91' lang='lat' dir='ltr'><strong>de</strong></span> <span class='ocrx_word' id='word_1_54' title='bbox 1666 670 1789 706; x_wconf 87' lang='lat' dir='ltr'><strong>mediis</strong></span> 
     </span>
     <span class='ocr_line' id='line_1_7' title="bbox 195 733 1791 782; baseline 0 -11"><span class='ocrx_word' id='word_1_55' title='bbox 195 736 282 772; x_wconf 88' lang='lat' dir='ltr'><strong>locis</strong></span> <span class='ocrx_word' id='word_1_56' title='bbox 304 736 439 772; x_wconf 88' lang='lat' dir='ltr'><strong>illarum</strong></span> <span class='ocrx_word' id='word_1_57' title='bbox 461 736 509 772; x_wconf 84' lang='lat'><strong>36</strong></span> <span class='ocrx_word' id='word_1_58' title='bbox 532 737 710 772; x_wconf 88' lang='lat' dir='ltr'><strong>stellarum</strong></span> <span class='ocrx_word' id='word_1_59' title='bbox 732 735 1037 772; x_wconf 81' lang='lat' dir='ltr'><strong>fundamentalium</strong></span> <span class='ocrx_word' id='word_1_60' title='bbox 1062 733 1281 782; x_wconf 72' lang='lat' dir='ltr'><strong>Maakelynii</strong></span> <span class='ocrx_word' id='word_1_61' title='bbox 1308 737 1414 780; x_wconf 84' lang='lat' dir='ltr'><strong>atque</strong></span> <span class='ocrx_word' id='word_1_62' title='bbox 1443 735 1618 769; x_wconf 87' lang='lat' dir='ltr'><strong>stellarum</strong></span> <span class='ocrx_word' id='word_1_63' title='bbox 1647 749 1672 770; x_wconf 82' lang='grc' dir='ltr'><strong><em>α</em></strong></span> <span class='ocrx_word' id='word_1_64' title='bbox 1702 738 1739 770; x_wconf 87' lang='lat' dir='ltr'><strong>et</strong></span> <span class='ocrx_word' id='word_1_65' title='bbox 1768 734 1791 771; x_wconf 82' lang='grc' dir='ltr'><em>ὃ</em></span> 
     </span>
     <span class='ocr_line' id='line_1_8' title="bbox 198 798 1790 846; baseline -0.001 -11"><span class='ocrx_word' id='word_1_66' title='bbox 198 801 315 836; x_wconf 81' lang='lat' dir='ltr'><strong>Ursae</strong></span> <span class='ocrx_word' id='word_1_67' title='bbox 346 801 489 837; x_wconf 88' lang='lat' dir='ltr'><strong>minoris</strong></span> <span class='ocrx_word' id='word_1_68' title='bbox 523 802 570 837; x_wconf 90' lang='lat' dir='ltr'><strong>ad</strong></span> <span class='ocrx_word' id='word_1_69' title='bbox 600 814 676 837; x_wconf 90' lang='lat' dir='ltr'><strong>eum</strong></span> <span class='ocrx_word' id='word_1_70' title='bbox 708 800 851 836; x_wconf 86' lang='lat' dir='ltr'><strong>limitem</strong></span> <span class='ocrx_word' id='word_1_71' title='bbox 883 799 1119 846; x_wconf 83' lang='lat' dir='ltr'><strong>pervenisset,</strong></span> <span class='ocrx_word' id='word_1_72' title='bbox 1150 810 1251 844; x_wconf 88' lang='lat' dir='ltr'><strong>quem</strong></span> <span class='ocrx_word' id='word_1_73' title='bbox 1278 799 1371 834; x_wconf 89' lang='lat' dir='ltr'><strong>ultra</strong></span> <span class='ocrx_word' id='word_1_74' title='bbox 1400 798 1567 846; x_wconf 82' lang='lat' dir='ltr'><strong>progredi</strong></span> <span class='ocrx_word' id='word_1_75' title='bbox 1594 810 1690 845; x_wconf 88' lang='lat' dir='ltr'><strong>spem</strong></span> <span class='ocrx_word' id='word_1_76' title='bbox 1711 798 1790 845; x_wconf 90' lang='lat' dir='ltr'><strong>ipse</strong></span> 
     </span>
     <span class='ocr_line' id='line_1_9' title="bbox 199 862 1790 912; baseline -0.001 -12"><span class='ocrx_word' id='word_1_77' title='bbox 199 865 426 912; x_wconf 85' lang='lat' dir='ltr'><strong>deponerem,</strong></span> <span class='ocrx_word' id='word_1_78' title='bbox 449 866 575 912; x_wconf 86' lang='lat' dir='ltr'><strong>partim</strong></span> <span class='ocrx_word' id='word_1_79' title='bbox 599 866 676 911; x_wconf 86' lang='lat' dir='ltr'><strong>ipse</strong></span> <span class='ocrx_word' id='word_1_80' title='bbox 699 865 853 900; x_wconf 82' lang='lat' dir='ltr'><strong>laborem</strong></span> <span class='ocrx_word' id='word_1_81' title='bbox 878 863 1065 906; x_wconf 78' lang='lat' dir='ltr'><strong>aggressus</strong></span> <span class='ocrx_word' id='word_1_82' title='bbox 1086 872 1172 903; x_wconf 88' lang='lat' dir='ltr'><strong>sum,</strong></span> <span class='ocrx_word' id='word_1_83' title='bbox 1195 864 1234 895; x_wconf 92' lang='lat' dir='ltr'><strong>ut</strong></span> <span class='ocrx_word' id='word_1_84' title='bbox 1250 862 1407 897; x_wconf 79' lang='lat' dir='ltr'><strong>Tabulas</strong></span> <span class='ocrx_word' id='word_1_85' title='bbox 1428 867 1680 906; x_wconf 84' lang='lat' dir='ltr'><strong>construerem,</strong></span> <span class='ocrx_word' id='word_1_86' title='bbox 1704 875 1790 909; x_wconf 89' lang='lat' dir='ltr'><strong>quas</strong></span> 
     </span>
     <span class='ocr_line' id='line_1_10' title="bbox 199 924 1792 972; baseline -0.003 -6"><span class='ocrx_word' id='word_1_87' title='bbox 199 941 290 965; x_wconf 86' lang='lat' dir='ltr'><strong>nunc</strong></span> <span class='ocrx_word' id='word_1_88' title='bbox 315 929 530 965; x_wconf 82' lang='lat' dir='ltr'><strong>Astronomis</strong></span> <span class='ocrx_word' id='word_1_89' title='bbox 553 927 673 968; x_wconf 90' lang='lat' dir='ltr'><strong>trado,</strong></span> <span class='ocrx_word' id='word_1_90' title='bbox 705 926 832 972; x_wconf 86' lang='lat' dir='ltr'><strong>partim</strong></span> <span class='ocrx_word' id='word_1_91' title='bbox 855 937 937 960; x_wconf 87' lang='lat' dir='ltr'><strong>usus</strong></span> <span class='ocrx_word' id='word_1_92' title='bbox 961 931 1037 959; x_wconf 69' lang='lat' dir='ltr'><strong>sum·</strong></span> <span class='ocrx_word' id='word_1_93' title='bbox 1059 924 1206 966; x_wconf 84' lang='lat' dir='ltr'><strong>auxilio,</strong></span> <span class='ocrx_word' id='word_1_94' title='bbox 1241 926 1334 970; x_wconf 92' lang='lat' dir='ltr'><strong>quod</strong></span> <span class='ocrx_word' id='word_1_95' title='bbox 1365 926 1509 961; x_wconf 86' lang='lat' dir='ltr'><strong>comiter</strong></span> <span class='ocrx_word' id='word_1_96' title='bbox 1539 927 1622 962; x_wconf 86' lang='lat' dir='ltr'><strong>mihi</strong></span> <span class='ocrx_word' id='word_1_97' title='bbox 1655 927 1792 962; x_wconf 88' lang='lat' dir='ltr'><strong>obtule-</strong></span> 
     </span>
     <span class='ocr_line' id='line_1_11' title="bbox 198 981 1793 1039; baseline -0.002 -10"><span class='ocrx_word' id='word_1_98' title='bbox 198 998 281 1029; x_wconf 83' lang='lat' dir='ltr'><strong>rant</strong></span> <span class='ocrx_word' id='word_1_99' title='bbox 303 981 372 1028; x_wconf 84' lang='lat' dir='ltr'><strong>viri</strong></span> <span class='ocrx_word' id='word_1_100' title='bbox 396 988 777 1036; x_wconf 52' lang='lat' dir='ltr'><strong>dilectissimhstlbert</strong></span> <span class='ocrx_word' id='word_1_101' title='bbox 793 988 1034 1031; x_wconf 82' lang='lat' dir='ltr'><strong>Monacensis,</strong></span> <span class='ocrx_word' id='word_1_102' title='bbox 1059 987 1184 1034; x_wconf 75' lang='lat' dir='ltr'><strong>Anger</strong></span> <span class='ocrx_word' id='word_1_103' title='bbox 1203 991 1241 1023; x_wconf 89' lang='lat' dir='ltr'><strong>et</strong></span> <span class='ocrx_word' id='word_1_104' title='bbox 1258 986 1384 1022; x_wconf 70' lang='lat' dir='ltr'><strong>Busch</strong></span> <span class='ocrx_word' id='word_1_105' title='bbox 1407 990 1654 1034; x_wconf 87' lang='lat' dir='ltr'><strong>Gedanenses,</strong></span> <span class='ocrx_word' id='word_1_106' title='bbox 1681 990 1793 1039; x_wconf 81' lang='lat' dir='ltr'><strong>Olus-</strong></span> 
     </span>
     <span class='ocr_line' id='line_1_12' title="bbox 197 1052 1792 1101; baseline -0.001 -9"><span class='ocrx_word' id='word_1_107' title='bbox 197 1067 261 1092; x_wconf 67' lang='grc' dir='ltr'><strong>ειη</strong></span> <span class='ocrx_word' id='word_1_108' title='bbox 283 1055 505 1097; x_wconf 79' lang='lat' dir='ltr'><strong>Hafniensis‚</strong></span> <span class='ocrx_word' id='word_1_109' title='bbox 537 1053 607 1091; x_wconf 80' lang='lat' dir='ltr'><strong>Dr.</strong></span> <span class='ocrx_word' id='word_1_110' title='bbox 630 1064 655 1089; x_wconf 81' lang='lat' dir='ltr'><strong>a</strong></span> <span class='ocrx_word' id='word_1_111' title='bbox 679 1052 857 1089; x_wconf 73' lang='lat' dir='ltr'><strong>Steinheil</strong></span> <span class='ocrx_word' id='word_1_112' title='bbox 878 1053 1118 1095; x_wconf 83' lang='lat' dir='ltr'><strong>Monacensis,</strong></span> <span class='ocrx_word' id='word_1_113' title='bbox 1152 1052 1211 1098; x_wconf 87' lang='lat' dir='ltr'><strong>qui</strong></span> <span class='ocrx_word' id='word_1_114' title='bbox 1234 1063 1298 1098; x_wconf 90' lang='lat' dir='ltr'><strong>per</strong></span> <span class='ocrx_word' id='word_1_115' title='bbox 1326 1052 1468 1098; x_wconf 84' lang='lat' dir='ltr'><strong>aliquod</strong></span> <span class='ocrx_word' id='word_1_116' title='bbox 1499 1058 1634 1100; x_wconf 89' lang='lat' dir='ltr'><strong>tempus</strong></span> <span class='ocrx_word' id='word_1_117' title='bbox 1658 1055 1792 1101; x_wconf 85' lang='lat' dir='ltr'><strong>Regio-</strong></span> 
     </span>
     <span class='ocr_line' id='line_1_13' title="bbox 198 1117 1793 1167; baseline -0.001 -12"><span class='ocrx_word' id='word_1_118' title='bbox 198 1120 306 1156; x_wconf 91' lang='lat' dir='ltr'><strong>monti</strong></span> <span class='ocrx_word' id='word_1_119' title='bbox 330 1119 478 1155; x_wconf 90' lang='lat' dir='ltr'><strong>studium</strong></span> <span class='ocrx_word' id='word_1_120' title='bbox 507 1122 698 1167; x_wconf 89' lang='lat' dir='ltr'><strong>posuerunt</strong></span> <span class='ocrx_word' id='word_1_121' title='bbox 727 1118 765 1153; x_wconf 87' lang='lat' dir='ltr'><strong>in</strong></span> <span class='ocrx_word' id='word_1_122' title='bbox 788 1117 1027 1160; x_wconf 65' lang='lat' dir='ltr'><strong>Astronomh,</strong></span> <span class='ocrx_word' id='word_1_123' title='bbox 1065 1122 1102 1152; x_wconf 88' lang='lat' dir='ltr'><strong>et</strong></span> <span class='ocrx_word' id='word_1_124' title='bbox 1131 1120 1274 1163; x_wconf 87' lang='lat' dir='ltr'><strong>praeter</strong></span> <span class='ocrx_word' id='word_1_125' title='bbox 1305 1117 1369 1151; x_wconf 88' lang='lat' dir='ltr'><strong>hos</strong></span> <span class='ocrx_word' id='word_1_126' title='bbox 1402 1118 1458 1152; x_wconf 82' lang='lat' dir='ltr'><strong>vir</strong></span> <span class='ocrx_word' id='word_1_127' title='bbox 1488 1118 1617 1164; x_wconf 88' lang='lat' dir='ltr'><strong>optime</strong></span> <span class='ocrx_word' id='word_1_128' title='bbox 1650 1120 1793 1154; x_wconf 88' lang='lat' dir='ltr'><strong>meritus</strong></span> 
     </span>
     <span class='ocr_line' id='line_1_14' title="bbox 198 1181 1793 1230; baseline -0.001 -11"><span class='ocrx_word' id='word_1_129' title='bbox 198 1182 362 1227; x_wconf 79' lang='lat' dir='ltr'><strong>Knorre,</strong></span> <span class='ocrx_word' id='word_1_130' title='bbox 412 1183 472 1230; x_wconf 89' lang='lat' dir='ltr'><strong>qui</strong></span> <span class='ocrx_word' id='word_1_131' title='bbox 504 1186 647 1230; x_wconf 88' lang='lat' dir='ltr'><strong>praeest</strong></span> <span class='ocrx_word' id='word_1_132' title='bbox 679 1183 842 1229; x_wconf 84' lang='lat' dir='ltr'><strong>speculae</strong></span> <span class='ocrx_word' id='word_1_133' title='bbox 875 1181 1168 1227; x_wconf 86' lang='lat' dir='ltr'><strong>Nicolajeviensi,</strong></span> <span class='ocrx_word' id='word_1_134' title='bbox 1216 1181 1314 1216; x_wconf 79' lang='lat' dir='ltr'><strong>vires</strong></span> <span class='ocrx_word' id='word_1_135' title='bbox 1348 1182 1525 1217; x_wconf 86' lang='lat' dir='ltr'><strong>nobiscum</strong></span> <span class='ocrx_word' id='word_1_136' title='bbox 1567 1182 1793 1218; x_wconf 82' lang='lat' dir='ltr'><strong>consociavit.</strong></span> 
     </span>
     <span class='ocr_line' id='line_1_15' title="bbox 199 1244 1794 1294; baseline -0.003 -10"><span class='ocrx_word' id='word_1_137' title='bbox 199 1249 296 1291; x_wconf 81' lang='lat' dir='ltr'><strong>Quid</strong></span> <span class='ocrx_word' id='word_1_138' title='bbox 325 1248 449 1294; x_wconf 88' lang='lat' dir='ltr'><strong>cuique</strong></span> <span class='ocrx_word' id='word_1_139' title='bbox 483 1248 652 1284; x_wconf 83' lang='lat' dir='ltr'><strong>debeatur</strong></span> <span class='ocrx_word' id='word_1_140' title='bbox 685 1247 872 1282; x_wconf 87' lang='lat' dir='ltr'><strong>amicorum</strong></span> <span class='ocrx_word' id='word_1_141' title='bbox 903 1246 986 1281; x_wconf 80' lang='lat' dir='ltr'><strong>mihi</strong></span> <span class='ocrx_word' id='word_1_142' title='bbox 1013 1250 1086 1281; x_wconf 90' lang='lat' dir='ltr'><strong>tam</strong></span> <span class='ocrx_word' id='word_1_143' title='bbox 1118 1256 1294 1288; x_wconf 88' lang='lat' dir='ltr'><strong>carorum,</strong></span> <span class='ocrx_word' id='word_1_144' title='bbox 1328 1244 1366 1279; x_wconf 87' lang='lat' dir='ltr'><strong>in</strong></span> <span class='ocrx_word' id='word_1_145' title='bbox 1398 1245 1614 1293; x_wconf 84' lang='lat' dir='ltr'><strong>explicandis</strong></span> <span class='ocrx_word' id='word_1_146' title='bbox 1649 1246 1794 1292; x_wconf 86' lang='lat' dir='ltr'><strong>singulis</strong></span> 
     </span>
     <span class='ocr_line' id='line_1_16' title="bbox 199 1310 769 1349; baseline -0.004 0"><span class='ocrx_word' id='word_1_147' title='bbox 199 1312 347 1349; x_wconf 85' lang='lat' dir='ltr'><strong>Tabulis</strong></span> <span class='ocrx_word' id='word_1_148' title='bbox 370 1312 572 1349; x_wconf 88' lang='lat' dir='ltr'><strong>nominatim</strong></span> <span class='ocrx_word' id='word_1_149' title='bbox 593 1310 769 1347; x_wconf 84' lang='lat' dir='ltr'><strong>indicabo.</strong></span> 
     </span>
    </p>

    <p class='ocr_par' dir='ltr' id='par_1_3' title="bbox 200 1373 1800 2193">
     <span class='ocr_line' id='line_1_17' title="bbox 295 1373 1796 1423; baseline -0.001 -11"><span class='ocrx_word' id='word_1_150' title='bbox 295 1377 510 1412; x_wconf 82' lang='lat' dir='ltr'><strong>Tabularum</strong></span> <span class='ocrx_word' id='word_1_151' title='bbox 532 1378 645 1411; x_wconf 81' lang='lat' dir='ltr'><strong>forma</strong></span> <span class='ocrx_word' id='word_1_152' title='bbox 667 1376 774 1423; x_wconf 87' lang='lat' dir='ltr'><strong>plane</strong></span> <span class='ocrx_word' id='word_1_153' title='bbox 797 1374 1058 1411; x_wconf 81' lang='lat' dir='ltr'><strong>accomodata</strong></span> <span class='ocrx_word' id='word_1_154' title='bbox 1081 1377 1137 1409; x_wconf 87' lang='lat' dir='ltr'><strong>est</strong></span> <span class='ocrx_word' id='word_1_155' title='bbox 1160 1373 1205 1409; x_wconf 93' lang='lat' dir='ltr'><strong>ad</strong></span> <span class='ocrx_word' id='word_1_156' title='bbox 1229 1385 1306 1409; x_wconf 90' lang='lat' dir='ltr'><strong>eam</strong></span> <span class='ocrx_word' id='word_1_157' title='bbox 1327 1374 1516 1417; x_wconf 85' lang='lat' dir='ltr'><strong>rationem,</strong></span> <span class='ocrx_word' id='word_1_158' title='bbox 1546 1385 1667 1420; x_wconf 90' lang='lat' dir='ltr'><strong>quam,</strong></span> <span class='ocrx_word' id='word_1_159' title='bbox 1691 1379 1796 1421; x_wconf 91' lang='lat' dir='ltr'><strong>prout</strong></span> 
     </span>
     <span class='ocr_line' id='line_1_18' title="bbox 200 1437 1795 1490; baseline -0.001 -13"><span class='ocrx_word' id='word_1_160' title='bbox 200 1442 394 1490; x_wconf 89' lang='lat' dir='ltr'><strong>peculiares</strong></span> <span class='ocrx_word' id='word_1_161' title='bbox 418 1441 575 1476; x_wconf 82' lang='lat' dir='ltr'><strong>Tabulas</strong></span> <span class='ocrx_word' id='word_1_162' title='bbox 599 1452 664 1487; x_wconf 89' lang='lat' dir='ltr'><strong>pro</strong></span> <span class='ocrx_word' id='word_1_163' title='bbox 687 1439 831 1486; x_wconf 85' lang='lat' dir='ltr'><strong>singulis</strong></span> <span class='ocrx_word' id='word_1_164' title='bbox 856 1439 966 1475; x_wconf 88' lang='lat' dir='ltr'><strong>stellis</strong></span> <span class='ocrx_word' id='word_1_165' title='bbox 989 1437 1153 1485; x_wconf 88' lang='lat' dir='ltr'><strong>respicit,</strong></span> <span class='ocrx_word' id='word_1_166' title='bbox 1179 1450 1267 1473; x_wconf 87' lang='lat' dir='ltr'><strong>anno</strong></span> <span class='ocrx_word' id='word_1_167' title='bbox 1294 1438 1384 1472; x_wconf 88' lang='lat'>1818</span> <span class='ocrx_word' id='word_1_168' title='bbox 1398 1438 1462 1483; x_wconf 75' lang='lat'><strong>”)‚</strong></span> <span class='ocrx_word' id='word_1_169' title='bbox 1485 1442 1590 1484; x_wconf 87' lang='lat' dir='ltr'><strong>prout</strong></span> <span class='ocrx_word' id='word_1_170' title='bbox 1613 1441 1795 1484; x_wconf 87' lang='lat' dir='ltr'><strong>generales</strong></span> 
     </span>
     <span class='ocr_line' id='line_1_19' title="bbox 203 1502 1796 1549; baseline -0.002 -7"><span class='ocrx_word' id='word_1_171' title='bbox 203 1507 360 1543; x_wconf 88' lang='lat' dir='ltr'><strong>omnibus</strong></span> <span class='ocrx_word' id='word_1_172' title='bbox 384 1505 495 1541; x_wconf 82' lang='lat' dir='ltr'><strong>stellis</strong></span> <span class='ocrx_word' id='word_1_173' title='bbox 517 1505 766 1546; x_wconf 82' lang='lat' dir='ltr'><strong>inservientes,</strong></span> <span class='ocrx_word' id='word_1_174' title='bbox 795 1513 887 1538; x_wconf 86' lang='lat' dir='ltr'><strong>anno</strong></span> <span class='ocrx_word' id='word_1_175' title='bbox 913 1502 1003 1537; x_wconf 78' lang='lat'>1821</span> <span class='ocrx_word' id='word_1_176' title='bbox 1029 1503 1095 1548; x_wconf 60' lang='lat' dir='ltr'><strong>m)</strong></span> <span class='ocrx_word' id='word_1_177' title='bbox 1120 1502 1250 1549; x_wconf 88' lang='lat' dir='ltr'><strong>publici</strong></span> <span class='ocrx_word' id='word_1_178' title='bbox 1269 1502 1358 1548; x_wconf 90' lang='lat' dir='ltr'><strong>juris</strong></span> <span class='ocrx_word' id='word_1_179' title='bbox 1382 1502 1462 1539; x_wconf 87' lang='lat' dir='ltr'><strong>feci.</strong></span> <span class='ocrx_word' id='word_1_180' title='bbox 1517 1502 1627 1547; x_wconf 89' lang='lat' dir='ltr'><strong>Cujus</strong></span> <span class='ocrx_word' id='word_1_181' title='bbox 1648 1504 1796 1539; x_wconf 88' lang='lat' dir='ltr'><strong>rationis</strong></span> 
     </span>
     <span class='ocr_line' id='line_1_20' title="bbox 202 1566 1798 1616; baseline -0.002 -10"><span class='ocrx_word' id='word_1_182' title='bbox 202 1573 269 1607; x_wconf 89' lang='lat' dir='ltr'><strong>hoc</strong></span> <span class='ocrx_word' id='word_1_183' title='bbox 293 1573 349 1605; x_wconf 86' lang='lat' dir='ltr'><strong>est</strong></span> <span class='ocrx_word' id='word_1_184' title='bbox 371 1569 568 1616; x_wconf 88' lang='lat' dir='ltr'><strong>proprium,</strong></span> <span class='ocrx_word' id='word_1_185' title='bbox 601 1572 641 1603; x_wconf 92' lang='lat' dir='ltr'><strong>ut</strong></span> <span class='ocrx_word' id='word_1_186' title='bbox 663 1567 810 1603; x_wconf 85' lang='lat' dir='ltr'><strong>Tabulis</strong></span> <span class='ocrx_word' id='word_1_187' title='bbox 843 1578 914 1602; x_wconf 86' lang='lat' dir='ltr'><strong>non</strong></span> <span class='ocrx_word' id='word_1_188' title='bbox 942 1566 1141 1612; x_wconf 82' lang='lat' dir='ltr'><strong>Longitudo</strong></span> <span class='ocrx_word' id='word_1_189' title='bbox 1166 1566 1300 1601; x_wconf 89' lang='lat' dir='ltr'><strong>Solaris</strong></span> <span class='ocrx_word' id='word_1_190' title='bbox 1334 1577 1447 1612; x_wconf 87' lang='lat' dir='ltr'><strong>neque</strong></span> <span class='ocrx_word' id='word_1_191' title='bbox 1469 1566 1667 1612; x_wconf 84' lang='lat' dir='ltr'><strong>Longitudo</strong></span> <span class='ocrx_word' id='word_1_192' title='bbox 1700 1568 1798 1603; x_wconf 91' lang='lat' dir='ltr'><strong>Nodi</strong></span> 
     </span>
     <span class='ocr_line' id='line_1_21' title="bbox 204 1631 1797 1678; baseline -0.002 -7"><span class='ocrx_word' id='word_1_193' title='bbox 204 1634 426 1672; x_wconf 87' lang='lat' dir='ltr'><strong>ascendentis</strong></span> <span class='ocrx_word' id='word_1_194' title='bbox 445 1632 611 1676; x_wconf 83' lang='lat' dir='ltr'><strong>Lunaris,</strong></span> <span class='ocrx_word' id='word_1_195' title='bbox 635 1632 700 1667; x_wconf 85' lang='lat' dir='ltr'><strong>sed</strong></span> <span class='ocrx_word' id='word_1_196' title='bbox 722 1633 834 1678; x_wconf 91' lang='lat' dir='ltr'><strong>ipsum</strong></span> <span class='ocrx_word' id='word_1_197' title='bbox 857 1634 992 1678; x_wconf 85' lang='lat' dir='ltr'><strong>tempus</strong></span> <span class='ocrx_word' id='word_1_198' title='bbox 1017 1631 1258 1678; x_wconf 86' lang='lat' dir='ltr'><strong>suppeditetur</strong></span> <span class='ocrx_word' id='word_1_199' title='bbox 1275 1642 1340 1677; x_wconf 88' lang='lat' dir='ltr'><strong>pro</strong></span> <span class='ocrx_word' id='word_1_200' title='bbox 1360 1631 1588 1675; x_wconf 83' lang='lat' dir='ltr'><strong>Argumento,</strong></span> <span class='ocrx_word' id='word_1_201' title='bbox 1610 1636 1797 1678; x_wconf 85' lang='lat' dir='ltr'><strong>praeterea</strong></span> 
     </span>
     <span class='ocr_line' id='line_1_22' title="bbox 202 1694 1797 1744; baseline -0.003 -8"><span class='ocrx_word' id='word_1_202' title='bbox 202 1704 242 1736; x_wconf 90' lang='lat' dir='ltr'><strong>ut</strong></span> <span class='ocrx_word' id='word_1_203' title='bbox 274 1699 451 1735; x_wconf 82' lang='lat' dir='ltr'><strong>stellarum</strong></span> <span class='ocrx_word' id='word_1_204' title='bbox 481 1696 687 1744; x_wconf 87' lang='lat' dir='ltr'><strong>apparentia</strong></span> <span class='ocrx_word' id='word_1_205' title='bbox 715 1696 794 1731; x_wconf 91' lang='lat' dir='ltr'><strong>loca</strong></span> <span class='ocrx_word' id='word_1_206' title='bbox 826 1695 950 1731; x_wconf 84' lang='lat' dir='ltr'><strong>dentur</strong></span> <span class='ocrx_word' id='word_1_207' title='bbox 981 1707 1046 1742; x_wconf 89' lang='lat' dir='ltr'><strong>pro</strong></span> <span class='ocrx_word' id='word_1_208' title='bbox 1075 1695 1153 1742; x_wconf 87' lang='lat' dir='ltr'><strong>ipso</strong></span> <span class='ocrx_word' id='word_1_209' title='bbox 1178 1694 1440 1730; x_wconf 88' lang='lat' dir='ltr'><strong>Cuhninationis</strong></span> <span class='ocrx_word' id='word_1_210' title='bbox 1471 1699 1655 1734; x_wconf 86' lang='lat' dir='ltr'><strong>momento.</strong></span> <span class='ocrx_word' id='word_1_211' title='bbox 1717 1697 1797 1732; x_wconf 90' lang='lat' dir='ltr'><strong>Hoc</strong></span> 
     </span>
     <span class='ocr_line' id='line_1_23' title="bbox 204 1758 1797 1811; baseline -0.003 -10"><span class='ocrx_word' id='word_1_212' title='bbox 204 1766 305 1802; x_wconf 89' lang='lat' dir='ltr'><strong>modo</strong></span> <span class='ocrx_word' id='word_1_213' title='bbox 330 1763 514 1811; x_wconf 82' lang='lat' dir='ltr'><strong>ampliores</strong></span> <span class='ocrx_word' id='word_1_214' title='bbox 539 1762 676 1808; x_wconf 90' lang='lat' dir='ltr'><strong>quidem</strong></span> <span class='ocrx_word' id='word_1_215' title='bbox 700 1760 853 1796; x_wconf 84' lang='lat' dir='ltr'><strong>evadunt</strong></span> <span class='ocrx_word' id='word_1_216' title='bbox 875 1760 1055 1803; x_wconf 88' lang='lat' dir='ltr'><strong>Tabulae,</strong></span> <span class='ocrx_word' id='word_1_217' title='bbox 1089 1760 1153 1794; x_wconf 90' lang='lat' dir='ltr'><strong>sed</strong></span> <span class='ocrx_word' id='word_1_218' title='bbox 1176 1758 1350 1806; x_wconf 88' lang='lat' dir='ltr'><strong>praecisio</strong></span> <span class='ocrx_word' id='word_1_219' title='bbox 1377 1759 1596 1805; x_wconf 83' lang='lat' dir='ltr'><strong>facilitasque</strong></span> <span class='ocrx_word' id='word_1_220' title='bbox 1624 1771 1706 1795; x_wconf 84' lang='lat' dir='ltr'><strong>usus</strong></span> <span class='ocrx_word' id='word_1_221' title='bbox 1731 1762 1797 1796; x_wconf 92' lang='lat' dir='ltr'><strong>hoc</strong></span> 
     </span>
     <span class='ocr_line' id='line_1_24' title="bbox 203 1823 1797 1874; baseline -0.003 -8"><span class='ocrx_word' id='word_1_222' title='bbox 203 1828 453 1866; x_wconf 89' lang='lat' dir='ltr'><strong>incommodum</strong></span> <span class='ocrx_word' id='word_1_223' title='bbox 475 1838 618 1874; x_wconf 85' lang='lat' dir='ltr'><strong>prorsus</strong></span> <span class='ocrx_word' id='word_1_224' title='bbox 641 1826 780 1862; x_wconf 85' lang='lat' dir='ltr'><strong>videtur</strong></span> <span class='ocrx_word' id='word_1_225' title='bbox 801 1824 1000 1860; x_wconf 87' lang='lat' dir='ltr'><strong>restituere.</strong></span> <span class='ocrx_word' id='word_1_226' title='bbox 1048 1825 1121 1859; x_wconf 89' lang='lat' dir='ltr'><strong>Sed</strong></span> <span class='ocrx_word' id='word_1_227' title='bbox 1143 1827 1329 1869; x_wconf 87' lang='lat' dir='ltr'><strong>antequam</strong></span> <span class='ocrx_word' id='word_1_228' title='bbox 1347 1823 1545 1858; x_wconf 87' lang='lat' dir='ltr'><strong>accuratius</strong></span> <span class='ocrx_word' id='word_1_229' title='bbox 1559 1825 1623 1859; x_wconf 87' lang='lat' dir='ltr'><strong>has</strong></span> <span class='ocrx_word' id='word_1_230' title='bbox 1641 1826 1797 1861; x_wconf 87' lang='lat' dir='ltr'><strong>Tabulas</strong></span> 
     </span>
     <span class='ocr_line' id='line_1_25' title="bbox 206 1887 1798 1942; baseline -0.003 -12"><span class='ocrx_word' id='word_1_231' title='bbox 206 1895 391 1942; x_wconf 85' lang='lat' dir='ltr'><strong>explicem,</strong></span> <span class='ocrx_word' id='word_1_232' title='bbox 424 1891 527 1927; x_wconf 79' lang='lat' dir='ltr'><strong>brevi</strong></span> <span class='ocrx_word' id='word_1_233' title='bbox 550 1902 722 1938; x_wconf 84' lang='lat' dir='ltr'><strong>exponam</strong></span> <span class='ocrx_word' id='word_1_234' title='bbox 745 1891 790 1926; x_wconf 94' lang='lat' dir='ltr'><strong>de</strong></span> <span class='ocrx_word' id='word_1_235' title='bbox 814 1890 990 1925; x_wconf 87' lang='lat' dir='ltr'><strong>stellarum</strong></span> <span class='ocrx_word' id='word_1_236' title='bbox 1011 1889 1164 1924; x_wconf 88' lang='lat' dir='ltr'><strong>locorum</strong></span> <span class='ocrx_word' id='word_1_237' title='bbox 1187 1887 1453 1930; x_wconf 86' lang='lat' dir='ltr'><strong>mutationibus,</strong></span> <span class='ocrx_word' id='word_1_238' title='bbox 1489 1899 1579 1934; x_wconf 88' lang='lat' dir='ltr'><strong>quae</strong></span> <span class='ocrx_word' id='word_1_239' title='bbox 1613 1901 1658 1924; x_wconf 88' lang='lat' dir='ltr'><strong>ex</strong></span> <span class='ocrx_word' id='word_1_240' title='bbox 1688 1890 1798 1925; x_wconf 86' lang='lat' dir='ltr'><strong>Prae-</strong></span> 
     </span>
     <span class='ocr_line' id='line_1_26' title="bbox 207 1951 1799 2002; baseline -0.003 -7"><span class='ocrx_word' id='word_1_241' title='bbox 207 1960 385 2001; x_wconf 82' lang='lat' dir='ltr'><strong>cessione,</strong></span> <span class='ocrx_word' id='word_1_242' title='bbox 408 1958 509 1992; x_wconf 87' lang='lat' dir='ltr'><strong>Motu</strong></span> <span class='ocrx_word' id='word_1_243' title='bbox 533 1955 693 2002; x_wconf 88' lang='lat' dir='ltr'><strong>proprio,</strong></span> <span class='ocrx_word' id='word_1_244' title='bbox 722 1955 917 1991; x_wconf 87' lang='lat' dir='ltr'><strong>Nutatione</strong></span> <span class='ocrx_word' id='word_1_245' title='bbox 942 1958 980 1990; x_wconf 83' lang='lat' dir='ltr'><strong>et</strong></span> <span class='ocrx_word' id='word_1_246' title='bbox 1000 1953 1234 1989; x_wconf 83' lang='lat' dir='ltr'><strong>Aberratione</strong></span> <span class='ocrx_word' id='word_1_247' title='bbox 1258 1951 1426 1989; x_wconf 89' lang='lat' dir='ltr'><strong>oriuntur.</strong></span> <span class='ocrx_word' id='word_1_248' title='bbox 1475 1953 1636 1995; x_wconf 74' lang='lat' dir='ltr'><strong>Quorum</strong></span> <span class='ocrx_word' id='word_1_249' title='bbox 1653 1954 1799 2000; x_wconf 88' lang='lat' dir='ltr'><strong>plurima</strong></span> 
     </span>
     <span class='ocr_line' id='line_1_27' title="bbox 207 2016 1800 2067; baseline 0.001 -14"><span class='ocrx_word' id='word_1_250' title='bbox 207 2019 344 2065; x_wconf 89' lang='lat' dir='ltr'><strong>quidem</strong></span> <span class='ocrx_word' id='word_1_251' title='bbox 370 2019 444 2063; x_wconf 80' lang='lat' dir='ltr'><strong>jam</strong></span> <span class='ocrx_word' id='word_1_252' title='bbox 474 2020 571 2067; x_wconf 88' lang='lat' dir='ltr'><strong>prius</strong></span> <span class='ocrx_word' id='word_1_253' title='bbox 606 2019 794 2066; x_wconf 83' lang='lat' dir='ltr'><strong>separatim</strong></span> <span class='ocrx_word' id='word_1_254' title='bbox 817 2019 972 2066; x_wconf 89' lang='lat' dir='ltr'><strong>pluribus</strong></span> <span class='ocrx_word' id='word_1_255' title='bbox 1001 2019 1088 2054; x_wconf 90' lang='lat' dir='ltr'><strong>locis</strong></span> <span class='ocrx_word' id='word_1_256' title='bbox 1111 2018 1148 2053; x_wconf 89' lang='lat' dir='ltr'><strong>in</strong></span> <span class='ocrx_word' id='word_1_257' title='bbox 1170 2018 1280 2052; x_wconf 87' lang='lat' dir='ltr'><strong>lucem</strong></span> <span class='ocrx_word' id='word_1_258' title='bbox 1304 2017 1415 2060; x_wconf 91' lang='lat' dir='ltr'><strong>edidi,</strong></span> <span class='ocrx_word' id='word_1_259' title='bbox 1456 2016 1513 2050; x_wconf 91' lang='lat' dir='ltr'><strong>hic</strong></span> <span class='ocrx_word' id='word_1_260' title='bbox 1543 2028 1626 2052; x_wconf 87' lang='lat' dir='ltr'><strong>vero</strong></span> <span class='ocrx_word' id='word_1_261' title='bbox 1652 2018 1800 2054; x_wconf 88' lang='lat' dir='ltr'><strong>collecta</strong></span> 
     </span>
     <span class='ocr_line' id='line_1_28' title="bbox 209 2081 1798 2131; baseline 0.001 -14"><span class='ocrx_word' id='word_1_262' title='bbox 209 2087 246 2118; x_wconf 88' lang='lat' dir='ltr'><strong>et</strong></span> <span class='ocrx_word' id='word_1_263' title='bbox 267 2084 328 2117; x_wconf 89' lang='lat' dir='ltr'><strong>ubi</strong></span> <span class='ocrx_word' id='word_1_264' title='bbox 350 2084 585 2120; x_wconf 88' lang='lat' dir='ltr'><strong>necessarium</strong></span> <span class='ocrx_word' id='word_1_265' title='bbox 608 2084 796 2119; x_wconf 82' lang='lat' dir='ltr'><strong>videbatur</strong></span> <span class='ocrx_word' id='word_1_266' title='bbox 817 2084 1002 2131; x_wconf 87' lang='lat' dir='ltr'><strong>paullulum</strong></span> <span class='ocrx_word' id='word_1_267' title='bbox 1023 2083 1203 2118; x_wconf 89' lang='lat' dir='ltr'><strong>immutata</strong></span> <span class='ocrx_word' id='word_1_268' title='bbox 1226 2081 1347 2123; x_wconf 79' lang='lat' dir='ltr'><strong>trado,</strong></span> <span class='ocrx_word' id='word_1_269' title='bbox 1376 2085 1416 2115; x_wconf 93' lang='lat' dir='ltr'><strong>ut</strong></span> <span class='ocrx_word' id='word_1_270' title='bbox 1441 2091 1558 2115; x_wconf 86' lang='lat' dir='ltr'><strong>omnes</strong></span> <span class='ocrx_word' id='word_1_271' title='bbox 1583 2092 1672 2128; x_wconf 89' lang='lat' dir='ltr'><strong>quae</strong></span> <span class='ocrx_word' id='word_1_272' title='bbox 1694 2083 1798 2118; x_wconf 88' lang='lat' dir='ltr'><strong>redu-</strong></span> 
     </span>
     <span class='ocr_line' id='line_1_29' title="bbox 209 2146 1224 2193; baseline -0.002 -11"><span class='ocrx_word' id='word_1_273' title='bbox 209 2147 317 2182; x_wconf 87' lang='lat' dir='ltr'><strong>ctioni</strong></span> <span class='ocrx_word' id='word_1_274' title='bbox 339 2146 531 2183; x_wconf 85' lang='lat' dir='ltr'><strong>inserviunt</strong></span> <span class='ocrx_word' id='word_1_275' title='bbox 552 2147 718 2183; x_wconf 86' lang='lat' dir='ltr'><strong>formulae</strong></span> <span class='ocrx_word' id='word_1_276' title='bbox 741 2159 809 2182; x_wconf 88' lang='lat' dir='ltr'><strong>uno</strong></span> <span class='ocrx_word' id='word_1_277' title='bbox 832 2147 870 2181; x_wconf 90' lang='lat' dir='ltr'><strong>in</strong></span> <span class='ocrx_word' id='word_1_278' title='bbox 892 2148 970 2182; x_wconf 92' lang='lat' dir='ltr'><strong>loco</strong></span> <span class='ocrx_word' id='word_1_279' title='bbox 993 2146 1224 2193; x_wconf 86' lang='lat' dir='ltr'><strong>reperiantur.</strong></span> 
     </span>
    </p>
   </div>
   <div class='ocr_carea' id='block_1_2' title="bbox 415 2353 1594 2421">
    <p class='ocr_par' dir='ltr' id='par_1_4' title="bbox 415 2353 1594 2421">
     <span class='ocr_line' id='line_1_30' title="bbox 415 2353 1594 2421; baseline -0.002 -17"><span class='ocrx_word' id='word_1_280' title='bbox 415 2357 499 2404; x_wconf 82' lang='lat' dir='ltr'><strong>De</strong></span> <span class='ocrx_word' id='word_1_281' title='bbox 536 2356 704 2404; x_wconf 74' lang='lat' dir='ltr'><strong>media</strong></span> <span class='ocrx_word' id='word_1_282' title='bbox 738 2354 1186 2421; x_wconf 64' lang='lat' dir='ltr'><strong>Aequinoctohrum</strong></span> <span class='ocrx_word' id='word_1_283' title='bbox 1220 2353 1594 2403; x_wconf 77' lang='lat' dir='ltr'><strong>Praecessione.</strong></span> 
     </span>
    </p>
   </div>
   <div class='ocr_carea' id='block_1_3' title="bbox 213 2524 1803 2897">
    <p class='ocr_par' dir='ltr' id='par_1_5' title="bbox 213 2524 1803 2897">
     <span class='ocr_line' id='line_1_31' title="bbox 309 2524 1800 2571; baseline -0.002 -8"><span class='ocrx_word' id='word_1_284' title='bbox 309 2529 423 2571; x_wconf 83' lang='lat' dir='ltr'><strong>Quum</strong></span> <span class='ocrx_word' id='word_1_285' title='bbox 455 2527 543 2563; x_wconf 85' lang='lat' dir='ltr'><strong>situs</strong></span> <span class='ocrx_word' id='word_1_286' title='bbox 574 2526 779 2563; x_wconf 87' lang='lat' dir='ltr'><strong>circulorum</strong></span> <span class='ocrx_word' id='word_1_287' title='bbox 807 2524 1049 2567; x_wconf 86' lang='lat' dir='ltr'><strong>maximorum,</strong></span> <span class='ocrx_word' id='word_1_288' title='bbox 1087 2524 1133 2559; x_wconf 88' lang='lat' dir='ltr'><strong>ad</strong></span> <span class='ocrx_word' id='word_1_289' title='bbox 1163 2535 1249 2570; x_wconf 89' lang='lat' dir='ltr'><strong>quos</strong></span> <span class='ocrx_word' id='word_1_290' title='bbox 1277 2524 1357 2558; x_wconf 92' lang='lat' dir='ltr'><strong>loca</strong></span> <span class='ocrx_word' id='word_1_291' title='bbox 1386 2524 1560 2559; x_wconf 88' lang='lat' dir='ltr'><strong>stellarum</strong></span> <span class='ocrx_word' id='word_1_292' title='bbox 1592 2526 1800 2570; x_wconf 86' lang='lat' dir='ltr'><strong>referuntur,</strong></span> 
     </span>
     <span class='ocr_line' id='line_1_32' title="bbox 213 2588 1802 2640; baseline -0.002 -12"><span class='ocrx_word' id='word_1_293' title='bbox 213 2593 251 2628; x_wconf 89' lang='lat' dir='ltr'><strong>in</strong></span> <span class='ocrx_word' id='word_1_294' title='bbox 275 2593 426 2640; x_wconf 84' lang='lat' dir='ltr'><strong>sphaera</strong></span> <span class='ocrx_word' id='word_1_295' title='bbox 449 2591 595 2627; x_wconf 85' lang='lat' dir='ltr'><strong>coelesti</strong></span> <span class='ocrx_word' id='word_1_296' title='bbox 616 2594 785 2633; x_wconf 88' lang='lat' dir='ltr'><strong>mutetur,</strong></span> <span class='ocrx_word' id='word_1_297' title='bbox 808 2593 984 2625; x_wconf 88' lang='lat' dir='ltr'><strong>mutantur</strong></span> <span class='ocrx_word' id='word_1_298' title='bbox 1006 2589 1111 2624; x_wconf 88' lang='lat' dir='ltr'><strong>etiam</strong></span> <span class='ocrx_word' id='word_1_299' title='bbox 1134 2588 1311 2624; x_wconf 88' lang='lat' dir='ltr'><strong>stellarum</strong></span> <span class='ocrx_word' id='word_1_300' title='bbox 1332 2588 1427 2624; x_wconf 87' lang='lat' dir='ltr'><strong>loca:</strong></span> <span class='ocrx_word' id='word_1_301' title='bbox 1458 2592 1570 2623; x_wconf 90' lang='lat' dir='ltr'><strong>motus</strong></span> <span class='ocrx_word' id='word_1_302' title='bbox 1594 2590 1802 2636; x_wconf 84' lang='lat' dir='ltr'><strong>Aequatoris</strong></span> 
     </span>
     <span class='ocr_line' id='line_1_33' title="bbox 215 2653 1800 2699; baseline -0.002 -6"><span class='ocrx_word' id='word_1_303' title='bbox 215 2657 486 2694; x_wconf 89' lang='lat' dir='ltr'><strong>Adscensionem</strong></span> <span class='ocrx_word' id='word_1_304' title='bbox 508 2659 640 2691; x_wconf 87' lang='lat' dir='ltr'><strong>rectam</strong></span> <span class='ocrx_word' id='word_1_305' title='bbox 664 2658 701 2690; x_wconf 87' lang='lat' dir='ltr'><strong>et</strong></span> <span class='ocrx_word' id='word_1_306' title='bbox 723 2653 1015 2697; x_wconf 87' lang='lat' dir='ltr'><strong>Declinationem,</strong></span> <span class='ocrx_word' id='word_1_307' title='bbox 1047 2656 1160 2688; x_wconf 88' lang='lat' dir='ltr'><strong>motus</strong></span> <span class='ocrx_word' id='word_1_308' title='bbox 1183 2653 1373 2699; x_wconf 89' lang='lat' dir='ltr'><strong>Ecliptices</strong></span> <span class='ocrx_word' id='word_1_309' title='bbox 1397 2653 1659 2698; x_wconf 71' lang='lat' dir='ltr'><strong>Longitudinem·</strong></span> <span class='ocrx_word' id='word_1_310' title='bbox 1690 2659 1800 2690; x_wconf 85' lang='lat' dir='ltr'><strong>muta-</strong></span> 
     </span>
     <span class='ocr_line' id='line_1_34' title="bbox 215 2717 1801 2766; baseline -0.004 -8"><span class='ocrx_word' id='word_1_311' title='bbox 215 2723 269 2758; x_wconf 90' lang='lat' dir='ltr'><strong>bit</strong></span> <span class='ocrx_word' id='word_1_312' title='bbox 301 2725 339 2757; x_wconf 90' lang='lat' dir='ltr'><strong>et</strong></span> <span class='ocrx_word' id='word_1_313' title='bbox 371 2720 626 2757; x_wconf 73' lang='lat' dir='ltr'><strong>Latitudinem</strong></span> <span class='ocrx_word' id='word_1_314' title='bbox 667 2719 828 2766; x_wconf 87' lang='lat' dir='ltr'><strong>quoniam</strong></span> <span class='ocrx_word' id='word_1_315' title='bbox 860 2730 944 2754; x_wconf 84' lang='lat' dir='ltr'><strong>vero</strong></span> <span class='ocrx_word' id='word_1_316' title='bbox 977 2717 1169 2753; x_wconf 85' lang='lat' dir='ltr'><strong>Adscensio</strong></span> <span class='ocrx_word' id='word_1_317' title='bbox 1202 2721 1302 2752; x_wconf 87' lang='lat' dir='ltr'><strong>recta</strong></span> <span class='ocrx_word' id='word_1_318' title='bbox 1333 2729 1404 2752; x_wconf 91' lang='lat' dir='ltr'><strong>non</strong></span> <span class='ocrx_word' id='word_1_319' title='bbox 1437 2729 1459 2752; x_wconf 89' lang='lat' dir='ltr'><strong>a</strong></span> <span class='ocrx_word' id='word_1_320' title='bbox 1487 2717 1560 2751; x_wconf 83' lang='lat' dir='ltr'><strong>fixo</strong></span> <span class='ocrx_word' id='word_1_321' title='bbox 1594 2719 1801 2763; x_wconf 88' lang='lat' dir='ltr'><strong>Aequatoris</strong></span> 
     </span>
     <span class='ocr_line' id='line_1_35' title="bbox 216 2782 1803 2834; baseline -0.003 -13"><span class='ocrx_word' id='word_1_322' title='bbox 216 2790 366 2834; x_wconf 86' lang='lat' dir='ltr'><strong>puncto,</strong></span> <span class='ocrx_word' id='word_1_323' title='bbox 399 2797 513 2831; x_wconf 90' lang='lat' dir='ltr'><strong>neque</strong></span> <span class='ocrx_word' id='word_1_324' title='bbox 545 2785 744 2831; x_wconf 78' lang='lat' dir='ltr'><strong>Longitudo</strong></span> <span class='ocrx_word' id='word_1_325' title='bbox 776 2796 798 2819; x_wconf 88' lang='lat' dir='ltr'><strong>a</strong></span> <span class='ocrx_word' id='word_1_326' title='bbox 813 2783 900 2818; x_wconf 85' lang='lat' dir='ltr'><strong>·fixo</strong></span> <span class='ocrx_word' id='word_1_327' title='bbox 931 2783 1122 2829; x_wconf 84' lang='lat' dir='ltr'><strong>Ecliptices</strong></span> <span class='ocrx_word' id='word_1_328' title='bbox 1156 2786 1302 2828; x_wconf 89' lang='lat' dir='ltr'><strong>puncto,</strong></span> <span class='ocrx_word' id='word_1_329' title='bbox 1334 2782 1397 2816; x_wconf 89' lang='lat' dir='ltr'><strong>sed</strong></span> <span class='ocrx_word' id='word_1_330' title='bbox 1431 2785 1579 2827; x_wconf 91' lang='lat' dir='ltr'><strong>utraque</strong></span> <span class='ocrx_word' id='word_1_331' title='bbox 1619 2793 1641 2816; x_wconf 90' lang='lat' dir='ltr'><strong>a</strong></span> <span class='ocrx_word' id='word_1_332' title='bbox 1671 2782 1803 2817; x_wconf 85' lang='lat' dir='ltr'><strong>vernali</strong></span> 
     </span>
     <span class='ocr_line' id='line_1_36' title="bbox 220 2845 1802 2897; baseline -0.003 -11"><span class='ocrx_word' id='word_1_333' title='bbox 220 2850 520 2897; x_wconf 80' lang='lat' dir='ltr'><strong>Aequinoctiorum</strong></span> <span class='ocrx_word' id='word_1_334' title='bbox 543 2854 670 2897; x_wconf 88' lang='lat' dir='ltr'><strong>puncto</strong></span> <span class='ocrx_word' id='word_1_335' title='bbox 694 2853 911 2891; x_wconf 86' lang='lat' dir='ltr'><strong>numeratur,</strong></span> <span class='ocrx_word' id='word_1_336' title='bbox 942 2848 1047 2894; x_wconf 91' lang='lat' dir='ltr'><strong>idque</strong></span> <span class='ocrx_word' id='word_1_337' title='bbox 1070 2851 1231 2894; x_wconf 84' lang='lat' dir='ltr'><strong>punctum</strong></span> <span class='ocrx_word' id='word_1_338' title='bbox 1253 2850 1349 2881; x_wconf 88' lang='lat' dir='ltr'><strong>motu</strong></span> <span class='ocrx_word' id='word_1_339' title='bbox 1370 2846 1547 2892; x_wconf 87' lang='lat' dir='ltr'><strong>utriusque</strong></span> <span class='ocrx_word' id='word_1_340' title='bbox 1580 2845 1699 2880; x_wconf 87' lang='lat' dir='ltr'><strong>circuli</strong></span> <span class='ocrx_word' id='word_1_341' title='bbox 1729 2858 1802 2881; x_wconf 90' lang='lat' dir='ltr'><strong>mu-</strong></span> 
     </span>
    </p>
   </div>
   <div class='ocr_carea' id='block_1_4' title="bbox 237 2945 1743 3086">
    <p class='ocr_par' dir='ltr' id='par_1_6' title="bbox 237 2945 1743 3086">
     <span class='ocr_line' id='line_1_37' title="bbox 267 2945 1743 2991; baseline -0.003 -9"><span class='ocrx_word' id='word_1_342' title='bbox 267 2950 293 2987; x_wconf 73' lang='lat'><strong>‘)</strong></span> <span class='ocrx_word' id='word_1_343' title='bbox 316 2952 376 2982; x_wconf 85' lang='lat' dir='ltr'><strong>His</strong></span> <span class='ocrx_word' id='word_1_344' title='bbox 398 2953 510 2983; x_wconf 82' lang='lat' dir='ltr'><strong>similia</strong></span> <span class='ocrx_word' id='word_1_345' title='bbox 533 2962 588 2991; x_wconf 85' lang='lat' dir='ltr'><strong>pro</strong></span> <span class='ocrx_word' id='word_1_346' title='bbox 613 2952 686 2981; x_wconf 90' lang='lat' dir='ltr'><strong>Sole</strong></span> <span class='ocrx_word' id='word_1_347' title='bbox 708 2951 851 2990; x_wconf 81' lang='lat' dir='ltr'><strong>proposui</strong></span> <span class='ocrx_word' id='word_1_348' title='bbox 875 2951 908 2980; x_wconf 91' lang='lat' dir='ltr'><strong>in</strong></span> <span class='ocrx_word' id='word_1_349' title='bbox 930 2950 1009 2980; x_wconf 75' lang='lat' dir='ltr'><strong>libro</strong></span> <span class='ocrx_word' id='word_1_350' title='bbox 1034 2947 1305 2987; x_wconf 75' lang='lat' dir='ltr'><strong>„Astronomische</strong></span> <span class='ocrx_word' id='word_1_351' title='bbox 1329 2946 1574 2985; x_wconf 84' lang='lat' dir='ltr'><strong>Nachrichten“‚</strong></span> <span class='ocrx_word' id='word_1_352' title='bbox 1605 2945 1663 2976; x_wconf 84' lang='lat' dir='ltr'><strong>Nr.</strong></span> <span class='ocrx_word' id='word_1_353' title='bbox 1685 2948 1743 2977; x_wconf 72' lang='lat'><strong>131.</strong></span> 
     </span>
     <span class='ocr_line' id='line_1_38' title="bbox 252 2995 1260 3036; baseline -0.004 -8"><span class='ocrx_word' id='word_1_354' title='bbox 252 2997 295 3034; x_wconf 77' lang='lat'><strong>”)</strong></span> <span class='ocrx_word' id='word_1_355' title='bbox 319 3000 533 3030; x_wconf 86' lang='lat' dir='ltr'><strong>Fundamenta</strong></span> <span class='ocrx_word' id='word_1_356' title='bbox 556 3000 770 3029; x_wconf 79' lang='lat' dir='ltr'><strong>Astronomiae</strong></span> <span class='ocrx_word' id='word_1_357' title='bbox 793 3007 848 3036; x_wconf 87' lang='lat' dir='ltr'><strong>pro</strong></span> <span class='ocrx_word' id='word_1_358' title='bbox 874 2999 960 3027; x_wconf 82' lang='lat' dir='ltr'><strong>Anno</strong></span> <span class='ocrx_word' id='word_1_359' title='bbox 983 2997 1059 3026; x_wconf 72' lang='lat'><strong>1⁷55.</strong></span> <span class='ocrx_word' id='word_1_360' title='bbox 1092 2996 1173 3025; x_wconf 88' lang='lat' dir='ltr'><strong>Sect.</strong></span> <span class='ocrx_word' id='word_1_361' title='bbox 1190 2995 1260 3025; x_wconf 85' lang='lat' dir='ltr'><strong>vu.</strong></span> 
     </span>
     <span class='ocr_line' id='line_1_39' title="bbox 237 3043 1186 3086; baseline -0.004 -10"><span class='ocrx_word' id='word_1_362' title='bbox 237 3043 295 3082; x_wconf 67' lang='lat'><strong>⁸⁸⁴)</strong></span> <span class='ocrx_word' id='word_1_363' title='bbox 319 3047 534 3086; x_wconf 76' lang='lat' dir='ltr'><strong>Schumacher,</strong></span> <span class='ocrx_word' id='word_1_364' title='bbox 559 3046 807 3076; x_wconf 75' lang='lat' dir='ltr'><strong>Asu-onomische</strong></span> <span class='ocrx_word' id='word_1_365' title='bbox 831 3044 1053 3081; x_wconf 79' lang='lat' dir='ltr'><strong>Nachrichten,</strong></span> <span class='ocrx_word' id='word_1_366' title='bbox 1078 3043 1136 3074; x_wconf 72' lang='lat' dir='ltr'><strong>Nr,</strong></span> <span class='ocrx_word' id='word_1_367' title='bbox 1159 3043 1186 3072; x_wconf 76' lang='lat'><strong>4.</strong></span> 
     </span>
    </p>
   </div>
   <div class='ocr_carea' id='block_1_5' title="bbox 124 274 1870 3181">
    <p class='ocr_par' dir='ltr' id='par_1_7' title="bbox 124 274 1870 3181">
     <span class='ocr_line' id='line_1_40' title="bbox 124 274 1870 3181; baseline 0 0"><span class='ocrx_word' id='word_1_368' title='bbox 124 274 1870 3181; x_wconf 95' lang='lat' dir='ltr'><strong> </strong></span> 
     </span>
    </p>
   </div>
  </div>
 </body>
</html>
