2034 3600
208 138 372 186 XXVI

276 332 312 363 et
335 339 398 374 pro
422 327 663 363 Declinatione

912 401 941 435 p
977 408 1036 423 =
1068 391 1211 427 ficosa

886 459 951 500 Ap
974 473 1034 487 =
1057 458 1118 491 An
1132 456 1236 491 Cosa

275 521 312 553 et
334 518 537 553 eliminando
563 518 700 564 Tango*
716 520 809 555 Sina
832 523 869 554 et
893 519 1017 562 Cosa,
1046 530 1110 565 pro
1134 519 1369 556 Adscensione
1393 524 1490 556 recta

1207 594 1320 649 ἒΔη

1212 653 1237 676 n

747 615 806 657 Ap
829 592 1197 675 ΞΛΜ-ΞΛΜ-

275 707 311 737 et
334 714 397 749 pro
421 702 661 739 Declinatione

748 782 781 814 Δ
783 789 811 824 p
834 797 894 811 ==
910 761 1014 843 {An

273 870 353 905 Hae
376 870 587 916 quantitates
611 871 762 905 numeris
785 883 972 918 expressae
996 876 1113 914 erunt,
1135 883 1198 918 pro
1223 871 1457 906 A'dscensione
1479 874 1576 905 recta

668 934 755 969 1755
769 961 778 970 .
791 940 849 981 Ap
861 955 921 968 Ξ
936 943 973 977 -ι-
985 928 1155 980 o“'‚ooo13
1165 943 1237 981 41²
1252 960 1260 969 .
1273 934 1467 978 0‚0006998

666 999 756 1033 1800
857 1019 917 1032 ==
933 1007 969 1041 -1-
980 999 1151 1043 01‘,00012
1162 1007 1233 1044 412
1248 1025 1256 1033 .
1270 998 1468 1042 0,0006999

274 1064 310 1095 et
333 1073 396 1108 pro
421 1062 663 1099 Declinatione

667 1125 756 1162 1755
771 1153 779 1161 .
793 1131 850 1173 Ap
863 1138 956 1172 ΞΡ
972 1153 981 1162 .
992 1126 1190 1171 0,0006998

666 1191 758 1225 1800
770 1217 780 1226 .
865 1202 959 1237 =p
974 1216 983 1225 .
994 1191 1193 1234 0,0006999

273 1266 318 1288 ex
341 1265 410 1300 quo
434 1255 678 1300 intelligimus,
707 1266 776 1290 non
800 1255 909 1290 solum
932 1266 996 1301 pro
1025 1253 1112 1288 1755
1139 1254 1201 1289 sed
1223 1255 1328 1289 etiam
1352 1265 1415 1301 pro
1442 1254 1533 1288 1800
1557 1256 1733 1288 correctas
1753 1253 1859 1287 Ptae-

273 1319 448 1353 cessiones
473 1330 549 1353 cum
573 1319 771 1354 sufficiente
795 1318 1096 1365 approximatione
1127 1330 1190 1352 nos
1225 1321 1430 1365 accepturos
1465 1330 1564 1360 esse,
1603 1317 1859 1363 multiplicando

272 1383 409 1417 valores
432 1384 469 1417 in
492 1381 635 1426 „FumL
658 1381 781 1416 Αείν.“
803 1383 952 1417 traditos
976 1394 1040 1428 per
1067 1383 1203 1425 1‚ooo7.

366 1446 457 1482 Dum
481 1446 643 1481 Tabulae
666 1446 769 1491 hujus
795 1447 909 1492 operis
934 1447 1214 1489 calculabantur‚
1254 1457 1403 1480 summus
1427 1446 1616 1480 Geometra
1640 1443 1794 1478 Poiswn
1824 1445 1860 1478 in

271 1511 383 1546 lucem
407 1511 518 1546 edidit
542 1511 818 1557 disquisitionem
841 1511 886 1546 de
908 1514 1004 1546 motu
1026 1514 1144 1547 terrae
1164 1511 1258 1546 circa
1276 1514 1431 1546 centrum
1450 1510 1638 1554 gravitatis
1650 1508 1699 1554 *),
1723 1509 1760 1543 in
1780 1520 1861 1555 qua,

272 1576 410 1610 theoria
433 1575 692 1610 Praecessionis
717 1575 968 1622 simplicissime
1001 1578 1038 1611 et
1069 1577 1325 1622 elegantissime
1357 1576 1528 1616 tractata,
1562 1573 1725 1608 formulas
1750 1572 1859 1616 dedit,

272 1650 364 1685 quae
388 1650 491 1685 quum
514 1640 799 1675 Praecessionem
821 1639 1060 1676 Lunisolarem
1090 1640 1276 1676 secundum
1306 1650 1415 1675 meam
1448 1633 1764 1672 determinationem
1797 1648 1860 1671 ex-

271 1703 432 1746 hibeant,
467 1705 504 1739 in
528 1704 803 1751 quantitatibus,
836 1715 927 1750 quae
951 1716 972 1740 a
995 1705 1146 1740 motibus
1170 1705 1307 1740 orbitae
1335 1703 1513 1739 terrestris
1537 1702 1774 1738 saecularibus
1798 1701 1861 1736 de-

270 1768 444 1814 pendent,
480 1780 502 1803 a
525 1767 764 1813 Laplaeianis
792 1768 842 1815 [2]
869 1769 1052 1815 paullulum
1076 1769 1253 1805 differunt.
1310 1768 1383 1803 Sed
1406 1768 1617 1814 computatio
1640 1767 1762 1802 harum
1785 1766 1861 1801 Ta-

271 1830 429 1867 bularum
452 1833 553 1867 nimis
577 1833 680 1878 longe
703 1837 945 1879 processerat,
981 1845 1083 1880 quam
1106 1837 1146 1869 ut
1168 1835 1340 1881 potuerim
1370 1844 1479 1867 novas
1511 1832 1587 1866 illas
1610 1831 1773 1866 formulas
1797 1830 1861 1865 ad-

271 1896 405 1931 hibere.
471 1897 656 1932 Caeterum
681 1898 887 1943 sperandum
911 1901 985 1940 est,
1017 1899 1114 1942 fore,
1143 1901 1185 1934 ut
1214 1898 1412 1933 saeculares
1437 1897 1573 1931 orbitae
1594 1895 1774 1931 terrestris
1798 1905 1861 1930 va-

271 1960 440 1995 riationes
459 1972 540 1996 mox
556 1961 681 2007 aliquis
699 1962 886 1997 secundum
901 1973 1024 1997 novam
1036 1963 1233 1998 methodum
1251 1963 1295 1997 ab
1313 1962 1364 1996 Ill.
1377 1959 1528 1997 Gaussio
1546 1959 1797 2006 promulgatam
1810 1959 1860 2003 ”)

271 2028 308 2060 et
341 2037 363 2060 a
387 2025 461 2060 Cel.
486 2022 655 2059 Nicolaio
688 2037 753 2072 pro
785 2026 889 2061 unica
920 2027 1053 2073 epocha
1085 2026 1215 2071 (1800)
1252 2026 1442 2061 adhibitam
1466 2024 1533 2068 m)
1568 2023 1613 2058 ad
1642 2023 1791 2057 calculos
1816 2023 1863 2057 sit

270 2092 471 2124 vocaturus.
520 2090 600 2131 Quo
623 2089 741 2131 facto,
764 2090 870 2125 facile
893 2075 982 2133 erit,
1003 2090 1170 2125 formulas
1201 2089 1251 2139 [2]
1278 2091 1458 2133 corrigere
1482 2086 1667 2122 secundum
1692 2086 1861 2121 theoriam

270 2154 553 2196 Poissonianam,
586 2156 627 2188 ut
649 2155 685 2188 in
708 2153 753 2188 iis
777 2153 861 2189 nihil
885 2154 980 2190 aliud
1003 2154 1129 2189 incerti
1150 2152 1325 2195 resideat,
1358 2163 1460 2199 quam
1483 2152 1577 2198 quod
1601 2163 1623 2187 a
1645 2152 1859 2198 planetarum

270 2219 412 2261 massis,
436 2230 505 2253 non
529 2218 615 2254 satis
640 2218 803 2264 cognitis,
831 2219 975 2253 oriatur.

780 2356 1054 2406 Tabulae
1103 2357 1172 2405 IV
1207 2358 1258 2408 8<
1291 2357 1350 2405 V.

271 2461 435 2501 Nutatio
456 2474 536 2515 pro
565 2461 825 2513 Longitudine
853 2467 894 2500 et
910 2474 992 2513 pro
1020 2460 1286 2501 Adscensione
1313 2467 1426 2501 recta
1452 2461 1581 2500 media
1609 2458 1713 2499 Solis
1742 2467 1859 2511 atque

715 2534 935 2587 obliquitas
963 2535 1174 2589 Ecliptices
1210 2548 1420 2590 apparens.

367 2657 529 2700 Nutatio,
553 2669 616 2704 pro
633 2657 867 2703 Longitudine
891 2660 928 2693 et
950 2669 1014 2704 pro
1033 2659 1253 2705 Obliquitate
1270 2658 1462 2705 Ecliptices
1486 2658 1522 2692 in
1545 2657 1598 2691 his
1622 2655 1768 2691 Tabulis
1793 2654 1856 2690 ad-

271 2721 402 2765 hibita,
427 2725 625 2768 computata
649 2726 703 2757 est
726 2722 913 2758 secundum
936 2723 1101 2757 formulas
1129 2723 1218 2769 [21].
1238 2734 1243 2743 v‘
1266 2723 1403 2765 Quarta
1420 2721 1560 2757 Tabula
1574 2721 1686 2767 prima
1703 2720 1856 2755 continet

273 2786 429 2821 columna
453 2787 703 2822 correctionem
726 2787 882 2823 omnibus
906 2787 1197 2833 Longitudinibus
1221 2797 1446 2829 communem,
1487 2788 1657 2832 quatenus
1681 2796 1703 2819 a
1725 2784 1856 2829 Longi-

321 2880 347 2920 *)
378 2881 532 2914 Me'moire
562 2894 616 2914 sur
647 2885 679 2913 le
702 2887 896 2915 mouvement
926 2885 965 2914 de
994 2886 1027 2914 la
1056 2888 1143 2916 terre
1175 2889 1234 2916 etc.
1269 2886 1304 2915 lu
1333 2882 1354 2913 ἔι
1385 2880 1565 2915 l’acade'mie
1587 2883 1642 2913 des
1665 2882 1800 2912 scientes
1823 2882 1856 2911 le

376 2932 422 2971 βο.
446 2932 536 2962 Avril
561 2932 637 2961 1827.

304 2972 347 3013 ⁰)
378 2980 493 3018 Gamo,
516 2978 743 3008 Determiuatio
768 2977 971 3008 Attractionis
995 2981 1054 3010 etc.
1092 2978 1279 3018 Gottingae,
1303 2978 1381 3009 1818.

285 3019 345 3060 ***)
377 3024 480 3064 Rode,
505 3025 767 3058 Astronomisehee
790 3025 951 3057 Jahrbuch
978 3025 1032 3056 fur
1055 3027 1133 3057 182⁰.
