2034 3600
178 164 324 208 XXX
330 163 388 209 VI

241 362 336 397 quae
359 361 381 384 a
413 349 589 384 stellarum
618 347 703 382 locis
736 360 804 383 non
838 347 1053 394 dependent,
1088 341 1125 382 ιιι
1156 348 1326 382 Tabulam
1358 348 1613 393 redegerimus,
1655 350 1750 394 cujus
1780 349 1826 384 sit

246 407 492 459 Argumentum
515 413 624 454 idem,
654 413 747 458 quod
767 414 838 457 jam
860 413 897 446 in
925 412 1015 446 Tab.
1040 411 1123 446 VIII
1156 416 1210 446 est
1233 415 1455 458 usurpatum,
1492 413 1601 446 locum
1624 413 1746 447 stellae
1771 424 1826 446 se-

245 477 394 524 paratim
418 477 609 522 quaesitum
631 476 791 511 facillime
816 478 1015 521 computare
1038 475 1245 521 poterimus,
1276 476 1360 520 quia
1381 487 1499 510 omnes
1523 476 1589 510 hae
1613 476 1827 521 quantitates

244 542 348 577 facile
371 545 516 587 possunt
538 540 750 586 interpolari.
824 541 936 581 Quam
965 538 1123 573 Tabulae
1146 539 1230 573 VIII
1262 539 1530 574 immutationem
1562 551 1652 574 anno
1679 540 1768 574 1822
1791 540 1825 585 *)

246 617 349 651 quum
379 604 725 646 commendavissem,
760 604 832 638 Cel.
857 601 1020 637 Ena-kim
1051 602 1087 636 in
1121 602 1409 648 Ephemeridibus
1445 604 1515 637 suis
1546 598 1716 649 nunquam
1739 603 1827 638 satis

244 669 425 704 laudandis
452 669 621 704 Tabulam
646 668 762 710 dedit,
802 678 891 712 quae
914 664 1029 700 tamen
1051 662 1096 699 in'
1111 667 1177 700 hoc
1202 666 1368 701 abhorret
1390 668 1435 701 ab
1458 668 1539 710 illa,
1571 679 1661 714 qnae
1685 666 1742 702 hic
1765 679 1827 702 ex-

245 733 375 779 plicata
407 736 478 775 est,
514 733 607 779 quod
637 744 705 766 non
737 730 884 776 tempori
918 729 1053 764 sidereo
1088 730 1150 763 sed
1184 730 1294 764 medio
1327 731 1476 776 tempori
1507 734 1562 765 est
1593 731 1828 766 accomodata.

246 799 346 839 Quae
371 797 574 843 dispositio,
609 795 745 830 etiamsi
769 793 924 839 singulus
948 782 1080 827 tantum
1105 793 1226 827 stellae
1249 794 1347 828 locus
1371 792 1620 840 computandus
1645 798 1717 837 est,
1750 807 1826 830 meo

240 861 372 907 judicio
397 860 466 895 non
491 859 706 894 commodior
722 862 776 893 est
800 869 902 903 quam
926 857 1066 899 altera,
1082 869 1183 902 quam
1206 858 1244 891 in
1268 857 1344 892 aliis
1369 855 1509 892 casibus
1532 870 1649 893 veram
1673 860 1829 894 Tabula-

244 936 317 959 rum
352 924 613 959 reductionibus
648 921 910 957 inservientium
945 922 1193 968 perfectionem
1229 922 1336 964 duco,
1385 922 1563 967 quoniam,
1606 922 1725 956 labore
1759 933 1828 956 non

245 992 365 1030 aucto,
398 988 633 1023 reductionem
656 986 858 1032 suppeditat
881 997 944 1031 pro
968 986 1053 1031 ipsis
1079 985 1365 1020 Culminationum
1387 985 1580 1020 momentis.
1630 985 1828 1031 Optandum

245 1057 317 1095 est,
351 1054 428 1087 fore
450 1057 490 1086 ut
513 1050 764 1097 Ephemerides
798 1049 835 1083 in
869 1053 1046 1095 posterum
1075 1061 1213 1095 semper
1245 1049 1389 1083 similem
1423 1049 1623 1083 contineant
1646 1049 1826 1083 Tabulam.

242 1117 356 1151 Primo
390 1113 557 1161 ejusmodi
589 1115 744 1150 Tabulas
778 1125 841 1160 pro
871 1114 1009 1148 saeculo
1040 1114 1084 1148 ab
1101 1147 1103 1149 ,
1119 1125 1208 1151 anno
1243 1112 1332 1147 1750
1367 1125 1475 1158 usque
1506 1113 1551 1147 ad
1582 1125 1705 1148 annum
1739 1112 1826 1146 1850

241 1181 321 1216 huic
334 1180 445 1227 ‚operit
459 1182 647 1221 annectere
660 1178 753 1222 ,mihi
777 1178 814 1211 in
837 1177 949 1215 animo
963 1180 1062 1219 xerat,
1087 1178 1160 1219 sed,
1184 1189 1229 1211 ne
1251 1177 1412 1213 volumen
1430 1176 1530 1212 nimis
1550 1181 1699 1220 crescat,
1722 1188 1826 1223 prae-

238 1245 324 1287 ¹tuli,
359 1244 490 1283 annuis·
501 1244 580 1279 illas
596 1242 895 1289 ,Ephemeridibus
918 1241 1125 1286 relinquere.

337 1295 430 1351 Quo·
441 1307 577 1341 facilior
599 1307 805 1341 redderetur
838 1317 921 1339 usus
955 1305 1115 1340 Tabulae
1139 1306 1241 1348 VIII,
1278 1306 1528 1351 logarithmos
1526 1306 1690 1351 ipsorum
1719 1315 1755 1346 a,
1793 1304 1826 1346 b,

221 1380 275 1414 ὀ,
302 1372 342 1414 εἰς
385 1378 431 1412 α’,
467 1371 511 1411 b',
546 1377 587 1412 c',
623 1371 668 1412 d,
713 1374 749 1404 et
773 1370 804 1403 si
831 1370 923 1404 forte
957 1369 1026 1403 cito
1051 1370 1246 1419 variantur,
1288 1381 1418 1404 annuas
1450 1382 1587 1424 quoque
1616 1368 1829 1404 variationes

242 1448 305 1482 pro
330 1435 398 1468 500
422 1425 531 1468 stellis·
552 1434 675 1469 lucidis
690 1420 921 1479 computavit
933 1433 1053 1468 Celeb.
1071 1431 1355 1467 Schumacherm
1379 1435 1527 1467 noster*
1531 1434 1583 1478 );
1608 1432 1828 1468 Franciscus

191 1520 196 1534 ι
242 1498 351 1544 Baily
376 1493 535 1533 eosdem
536 1487 637 1532 dedit
659 1509 722 1544 pro
750 1501 838 1532 anno
867 1494 956 1537 1830
979 1509 1046 1543 pro
1068 1478 1176 1533 stellis
1199 1497 1333 1530 2881*
1337 1497 1398 1542 **).
1457 1497 1638 1543 Ejusmodi
1660 1489 1830 1542 logarith-

242 1576 315 1598 mos
340 1563 395 1597 hic
419 1574 488 1596 non
512 1562 654 1607 adjeci,
659 1559 816 1616 primum,
822 1561 924 1607 quia
947 1561 1025 1595 illos
1049 1561 1264 1607 possidemus
1287 1572 1352 1606 pro
1377 1573 1517 1615 numero
1542 1561 1715 1595 stellarum
1739 1561 1830 1595 haud

193 1612 195 1615 ι
243 1628 389 1672 exiguo,
421 1619 564 1668 deinde,
600 1625 680 1671 quia
704 1637 766 1671 pro
792 1618 907 1667 stella,
941 1626 1038 1669 cujus
1070 1622 1166 1659 locus
1202 1625 1307 1659 semel
1337 1609 1481 1659 tantum
1493 1629 1697 1671 usurpatur,
1736 1637 1830 1660 com-

244 1692 375 1725 modius
402 1695 472 1733 est,
498 1680 767 1725 immutationem
790 1682 948 1723 Tabulae
971 1689 1055 1722 VIII
1081 1683 1307 1739 explicatam,
1332 1689 1395 1723 hos
1416 1689 1639 1744 logarithmos
1659 1701 1727 1724 non
1747 1701 1830 1735 sup—

192 1758 197 1793 }
241 1759 426 1801 ponentem
445 1754 622 1811 adhibere,
647 1758 835 1799 postremo,
863 1747 944 1798 quia
968 1752 1068 1798 parvi
1091 1752 1165 1786 illos
1192 1750 1381 1787 calculandi
1404 1753 1536 1787 laboris
1560 1754 1626 1787 hoc
1651 1758 1704 1788 est
1728 1766 1831 1799 prae-

191 1805 196 1820 ³
243 1819 365 1860 mium,
391 1822 445 1860 ut,
477 1818 508 1863 si
523 1808 601 1865 pra
619 1816 695 1863 ipso'
720 1814 991 1870 reducendarum
1018 1815 1303 1853 observationum
1324 1820 1479 1862 tempore
1504 1823 1734 1862 quaeruntur,
1757 1830 1830 1853 ma-

191 1904 195 1926 ·.
241 1883 311 1928 jori
342 1882 518 1927 gaudeant
549 1879 788 1927 praecisione,
823 1892 924 1926 quam
958 1880 987 1914 si
1017 1880 1263 1925 depromuntur
1293 1893 1312 1914 e
1346 1881 1528 1925 catalogo,
1566 1881 1623 1926 qui
1656 1893 1741 1927 pro
1761 1882 1830 1917 alio

240 1953 398 1992 >tempore
421 1945 702 1990 illos2praebeat.
764 1944 926 1979 Ceterum
949 1956 1023 1991 pro’
1039 1943 1147 1978 stellis
1170 1942 1485 1978 fundamentalibus
1519 1945 1639 1979 horum
1660 1946 1831 1991 >logarith-
1856 1985 1858 1987 ,

244 2011 373 2045 morum
397 2013 493 2044 esset
506 2009 677 2054 frequens
699 2019 799 2050 usus,
839 2009 903 2042 sed
925 2020 988 2054 pro
1013 2009 1067 2050 his
1091 2007 1284 2053 peculiares
1314 2011 1395 2042 sunt
1420 2008 1474 2042 in·
1489 2009 1555 2043 hoc
1578 2009 1671 2043 libr01
1691 2022 1830 2056 compo-
1885 2027 1890 2031 ’

191 2090 195 2102 2
239 2075 334 2108 Asitae
358 2073 538 2115 Tabulae,
557 2072 676 2117 ‘longe
700 2072 966 2114 commodiores3
1000 2082 1063 2118 pto
1098 2072 1207 2106 stellis
1236 2083 1321 2106 vern
1346 2071 1384 2105 in
1414 2071 1554 2118 specula
1579 2074 1832 2108 Grenovicensi

191 2179 195 2187 ,
245 2137 384 2183 saepius
410 2137 611 2172 observatis
630 2138 667 2171 in
690 2137 780 2171 hunc
803 2137 928 2178 finem,
958 2141 996 2170 ut
1020 2147 1118 2170 error
1140 2136 1221 2170 inde
1246 2135 1724 2178 cbllimationisQuadrantis
1748 2150 1831 2173 con-
1898 2184 1901 2186 ⁴

191 2192 194 2195 ’
246 2202 459 2243 cluderetur,
483 2202 578 2247 ipsos
601 2201 781 2247 infrapro
806 2200 940 2235 decimo
966 2201 1110 2246 quoquev
1127 2200 1216 2242 anno
1237 2201 1423 2246 proferam.
1444 2215 1447 2217 ·

855 2363 1097 2412 Tabula
1158 2363 1220 2412 X.

197 2522 199 2525 Α
247 2464 545 2504 Adscensiones·
565 2457 702 2505 rectae
730 2460 774 2504 'ei‘
790 2454 1087 2506 Declinatiobzes
1113 2468 1262 2506 mediae
1291 2465 1331 2504 οῗ
1356 2474 1591 2520 apparentes
1619 2465 1832 2506 Stellarum

197 2537 199 2541 ’
246 2537 302 2580 36
328 2539 690 2589 fundamentaliam
729 2548 845 2592 atque
882 2555 909 2579 α
946 2548 985 2579 et
1020 2539 1046 2579 ὃ
1094 2541 1226 2580 Ursae
1262 2542 1445 2589 minoris,
1493 2541 1541 2579 ab
1580 2528 1681 2580 ariao
1705 2540 1832 2592 ‚1750

640 2627 759 2666 usque
789 2615 844 2670 ad
871 2627 1012 2662 annum
1042 2615 1154 2657 1850
1183 2621 1437 2668 computatae.
1751 2608 1754 2614 ¹
1781 2601 1795 2611 Α

342 2734 588 2780 Pervulgatum
621 2715 695 2778 est,
730 2734 991 2782 Maskelyniam
1023 2735 1069 2771 36
1104 2737 1224 2772 stellas
1256 2722 1450 2771 inerrantes
1483 2735 1649 2782 elegisse,
1689 2745 1831 2791 quarum

248 2799 325 2833 loca
359 2799 434 2834 sola
463 2798 645 2847 adhiberet
673 2799 721 2850 ,ad
763 2800 1053 2847 comparationem
1085 2813 1162 2837 cum
1200 2800 1339 2848 reliquis
1374 2800 1566 2843 sideribus,
1609 2810 1750 2846 eamque
1774 2788 1830 2833 'ob

297 2896 329 2934 *·)
348 2900 848 2941 Schamaehep,Ast1-onomische
873 2901 1093 2931 Nachrichteu.
1137 2902 1196 2934 Nr.
1220 2904 1264 2933 18,

281 2942 323 2980 ⁰)
348 2947 592 2976 Astronomische
616 2948 811 2978 Hiilfstafeln
834 2949 887 2978 fiir
911 2950 987 2979 1822.
1034 2950 1179 2979 Hafniae.

281 2988 324 3027 ”)
348 2992 478 3021 Francis
501 2995 606 3033 Baily,
650 2995 728 3024 New
752 2996 852 3025 tables
876 2996 926 3024 for
948 2996 1134 3034 facilitating
1157 2996 1210 3026 the
1233 2988 1438 3034 computation
1464 2995 1499 3024 of
1517 2994 1739 3031 Praecessimn,
1768 2979 1830 3022 Ab

351 3040 489 3069 erration
513 3041 574 3070 and
598 3041 760 3075 Nutation.
807 3042 954 3079 Londlni,
977 3042 1054 3071 1827.
