2034 3600
1614 143 1849 214 XXXVII

199 339 355 363 caussam
379 338 502 362 nonen
522 325 590 361 illis
613 324 782 366 indidisse
804 325 981 365 stellarum
995 325 1341 373 fundamentalt'um.
1395 326 1496 368 Quae
1519 339 1629 373 quum·
1645 329 1711 363 hac
1735 328 1779 363 de

199 403 345 434 caussa,
377 395 450 426 tum
472 390 695 436 perlongum
718 389 884 434 temporis
908 390 1075 434 spatium,
1115 390 1206 436 quod
1239 390 1337 436 ipsae
1366 389 1585 437 Machelynii
1611 392 1778 427 observa-

196 456 311 491 tion-s
335 454 626 501 complectuntur,
656 457 727 489 tum
759 452 871 488 serius
895 454 939 487 ab
971 454 1048 488 aliis
1072 454 1288 488 Astronomis
1322 455 1600 499 frequentissime
1623 455 1694 490 sint
1716 457 1780 490 ob-

199 524 379 562 servatae,
413 530 498 564 prae
532 517 660 559 ceteris
690 517 800 553 stellis
831 522 1030 553 accuratam
1064 517 1296 564 subtilemque*
1323 518 1524 555 desiderant
1558 523 1595 554 et
1624 518 1712 554 situs
1744 524 1780 554 et

197 588 310 619 motus
335 582 666 618 determinationem.
1743 621 1747 623 Α

291 648 423 682 Harum
455 646 631 681 stellarum
665 646 745 683 loca
773 645 925 681 relativa
948 646 1030 681 inde
1053 657 1076 682 a
1097 644 1263 692 Bradleji
1293 648 1504 694 temporibus
1529 646 1560 681 si
1583 650 1653 683 tam
1676 658 1780 682 accu-

198 716 275 748 rate
300 712 443 747 definita
468 722 547 745 esse
571 710 806 756 supponimus,
830 722 931 756 quam
955 710 1034 745 fieri
1056 710 1172 757 potuit
1196 711 1496 746 observationibus
1520 722 1585 756 per
1608 711 1673 746 hoc
1691 714 1778 746 tem·

197 777 292 824 poris
316 776 533 811 intervallum
556 775 742 816 institutis,
780 775 852 819 jam
877 786 992 809 omnes
1016 775 1271 809 Adscensiones
1301 780 1416 810 rectas
1450 778 1487 809 et
1508 774 1779 817 DeclinationeS,

198 853 287 887 quae
311 841 561 876 determinatae
585 839 665 878 sint.
679 839 938 883 comparatione
961 838 1058 872 facta
1081 850 1158 872 cum
1179 838 1267 881 illis,
1302 838 1401 884 quasi
1431 839 1532 873 unico
1556 839 1779 874 fundamento

198 906 262 940 niti
285 909 439 939 statuere
463 915 659 949 possumus,
693 906 915 946 nostramque
938 904 1097 938 motuum,
1122 913 1305 947 corporum
1328 902 1526 937 coelestium
1549 903 1780 948 cognitionem

198 969 399 1015 augebimus
423 972 460 1001 et
482 966 781 1006 confirmabimus,
813 965 846 998 si
869 963 978 999 omnis
1001 967 1120 999 nostra
1144 964 1454 1011 eaqueindefessa
1478 978 1562 1001 cura
1583 966 1781 1002 versabitur

195 1033 232 1067 in
256 1034 342 1075 hoc,
374 1035 414 1066 ut
435 1030 520 1065 illud
543 1029 679 1064 unicum
702 1028 980 1072 fundamentum}
1014 1028 1037 1062 i.
1063 1041 1094 1063 e.
1118 1028 1303 1064 absolutas
1325 1029 1578 1065 Adscensiones
1603 1035 1719 1066 rectas
1744 1035 1781 1066 et

196 1095 456 1131 Declinationes
487 1084 620 1128 illarum
649 1093 695 1128 36
719 1093 912 1135 stellarum,
944 1092 981 1127 in
1009 1092 1083 1127 dies
1116 1093 1326 1138 accuratius,
1341 1105 1604 1138 cognoscamus.
1658 1096 1785 1141 Longa,

197 1159 412 1206 experientia
434 1157 517 1193 mihi
539 1158 608 1204 ipsi
638 1155 859 1203 Maskelym'i
889 1157 1108 1192 confirmavit
1137 1157 1352 1203 opinionem,
1386 1141 1561 1194 numerum
1593 1159 1781 1201 stellarum,

197 1236 283 1270 quas
309 1223 469 1265 dicimus,
505 1223 669 1257 sufficere
693 1222 729 1256 in
753 1214 892 1268 specula
914 1222 1004 1256 bene
1026 1221 1215 1266 instructa,
1249 1226 1289 1256 ut
1313 1222 1614 1257 observationibus
1639 1235 1705 1269 ope
1727 1223 1781 1259 in-

191 1285 462 1323 strumentorum
485 1286 751 1322 meridianorum
773 1286 942 1320 institutis
974 1286 1205 1320 necessariam
1236 1296 1371 1332 semper
1402 1286 1536 1332 copiam
1565 1292 1783 1333 punctorum,

197 1354 399 1400 quibuscum
420 1353 500 1386 illae
524 1351 716 1397 comparari
745 1350 900 1397 possint,
934 1350 1056 1395 largiri
1085 1351 1268 1397 possimus.
1335 1349 1408 1384 Sed
1438 1350 1520 1395 quia
1549 1362 1694 1386 necesse
1727 1355 1781 1386 est

198 1418 243 1453 ad
266 1418 369 1452 situm
391 1415 610 1451 instrumenti
632 1415 911 1458 rectificandum,
933 1414 979 1449 36
1001 1415 1076 1450 illas
1101 1415 1221 1450 stellas
1245 1427 1319 1450 cum
1343 1414 1451 1449 stellis
1475 1415 1556 1461 polo
1580 1416 1780 1462 propinquis

199 1484 429 1527 conjungere,
456 1481 493 1515 in
517 1481 658 1526 specula
682 1479 938 1515 Grenovicensi
967 1492 989 1514 a
1021 1477 1190 1524 Bradleji
1220 1479 1432 1525 temporibus
1456 1479 1641 1514 continuae
1663 1480 1781 1515 sactae

198 1551 278 1581 sunt
301 1545 564 1584 observationes
590 1544 685 1579 circa
709 1545 844 1579 stellam
867 1557 891 1578 α
915 1544 1030 1578 Ursae
1052 1542 1212 1585 minoris,
1237 1543 1457 1588 ejusdemque
1481 1544 1643 1588 speculae
1664 1555 1780 1579 exem-

197 1612 287 1657 plum
310 1610 399 1645 ali'ae
422 1609 583 1655 speculae
607 1614 750 1643 secutae
772 1613 862 1642 sunt.
911 1609 1098 1654 Postquam
1116 1607 1256 1653 specula
1275 1606 1555 1651 Regiomontana
1571 1620 1669 1654 >anno
1691 1607 1781 1642 1820

196 1674 470 1721 praeclarissimo
502 1674 639 1707 Circulo
670 1673 865 1707 Meridiano
895 1672 1067 1706 instructa
1099 1675 1195 1713 erat,
1234 1671 1419 1706 secundam
1450 1671 1584 1706 stellam
1618 1672 1781 1717 polarem,

198 1750 318 1784 nempe
341 1738 364 1775 ὃ
388 1738 501 1772 Ursae
525 1737 685 1779 minoris,
724 1748 790 1782 ope
812 1737 914 1780 hujus
946 1735 1167 1770 instrumenti
1189 1747 1395 1781 unoquoque
1423 1735 1493 1770 diei
1515 1740 1671 1782 tempore
1695 1735 1781 1770 visi-

196 1804 318 1845 bilem,
350 1802 464 1847 adjeci
485 1802 522 1835 in
545 1802 636 1835 hunc
658 1801 778 1842 finem,
817 1805 856 1834 ut
877 1800 921 1834 iis
945 1811 1080 1846 quoque
1103 1800 1334 1846 temporibus,
1369 1799 1494 1845 quibus
1528 1811 1597 1834 una
1627 1800 1781 1834 alterave

196 1867 322 1914 prioris
357 1867 477 1901 stellae
511 1865 715 1900 Culminatio
748 1865 784 1898 in
818 1871 1004 1900 nocturnas
1044 1875 1172 1909 easque
1205 1863 1437 1898 incommodas
1471 1864 1575 1898 horas
1608 1863 1782 1906 inciderit,

197 1931 367 1966 correctio
391 1930 607 1966 instrumenti
630 1929 744 1964 facilis
770 1929 881 1976 possit
904 1932 942 1963 et
966 1929 1136 1975 completa
1158 1928 1256 1971 fieri,
1288 1928 1313 1962 i.
1338 1940 1368 1962 e.
1392 1940 1456 1974 per
1479 1928 1673 1962 contrarias
1698 1928 1780 1962 Cul-

197 1996 414 2030 minationes.
462 1995 537 2028 Has
561 1994 606 2028 38
632 1994 750 2029 stellas
776 1994 875 2039 plane
899 1994 1062 2027 sufficere
1085 1996 1168 2038 puto
1194 1993 1271 2026 usui
1292 1992 1472 2038 speculae,
1497 1993 1594 2036 cujus
1618 1992 1665 2026 sit
1689 2003 1782 2026 com—

198 2061 291 2106 pleta
321 2060 366 2094 ad
400 2059 661 2093 observationes
693 2058 902 2092 meridianas
934 2056 1134 2102 suppelleX,
1167 2068 1296 2101 neque,
1337 2057 1367 2090 si
1397 2055 1475 2090 huic
1500 2067 1640 2090 numero
1668 2067 1780 2090 novae

199 2124 321 2158 stellae
346 2123 485 2157 additae
510 2122 658 2165 suerint,
690 2122 794 2156 ullam
827 2121 979 2155 arbitror
1010 2120 1088 2154 fore
1118 2132 1138 2154 e
1162 2131 1302 2154 numero
1333 2124 1436 2155 aucto
1461 2120 1662 2162 utilitatem,
1693 2131 1781 2165 quae

198 2187 445 2223 incommodum
479 2187 580 2231 hujus
625 2186 823 2220 mutationis
861 2183 1032 2229 catalogi
1060 2183 1350 2246 fundamentflis
1395 2195 1618 2230 compensare
1658 2184 1780 2229 possit.

199 2251 389 2298 speculae,
419 2251 456 2284 in
480 2251 604 2296 quibus
636 2251 863 2284 instrumenta
886 2248 1076 2283 meridiana
1103 2259 1172 2282 non
1201 2248 1288 2283 satis
1318 2248 1417 2282 firma
1449 2248 1603 2293 gaudent
1631 2244 1782 2282 'collocaa

198 2319 311 2360 tione,
335 2320 395 2352 aut
418 2315 454 2349 in
477 2315 601 2361 quibus
626 2314 888 2350 observationes
910 2314 1136 2350 instituuntur
1159 2316 1261 2348 extra
1284 2312 1525 2355 meridianum,
1549 2312 1780 2347 numerosiore

198 2383 355 2428 indigent
377 2380 549 2425 Catalogo
574 2379 760 2414 stellarum.
882 2365 885 2368 Δ

292 2446 448 2482 Tabulas
471 2444 604 2479 illarum
628 2443 674 2477 36
697 2444 873 2478 stellarum
888 2442 1224 2491 fundamentalium
1257 2454 1322 2477 nec
1351 2453 1422 2477 non
1453 2442 1633 2487 utriusque
1656 2441 1779 2475 stellae

194 2509 333 2557 polaris
356 2510 422 2544 hoc
445 2509 535 2543 libro
561 2512 740 2543 contentas
764 2508 816 2542 ita
839 2513 1054 2554 comparatas
1078 2520 1156 2544 esse
1178 2507 1292 2549 volui,
1325 2510 1365 2541 ut
1387 2507 1579 2548 stellarum,
1613 2517 1700 2551 quas
1725 2505 1779 2539 di-

201 2576 324 2617 cimus,
354 2576 565 2620 apparentes
588 2573 842 2607 Adscensiones
874 2577 990 2608 rectas
1021 2576 1059 2608 et
1081 2571 1337 2608 Declinationes
1368 2582 1431 2617 pro
1464 2582 1600 2616 quoque
1622 2570 1779 2615 tempore

200 2640 293 2674 intra
316 2650 425 2673 annos
451 2635 540 2671 1750
564 2639 600 2671 et
627 2636 717 2671 1850
740 2640 875 2683 sumpto
899 2649 1028 2672 summa
1051 2649 1119 2684 qua
1141 2636 1220 2671 fieri
1242 2635 1354 2682 possit
1376 2634 1565 2677 facilitate,
1589 2646 1633 2668 ex
1655 2633 1778 2667 iisdem

201 2714 335 2749 semper
359 2701 536 2736 elementis
560 2701 689 2747 petitas
714 2701 947 2747 suppeditent.
1001 2702 1081 2736 Hae
1103 2700 1260 2736 Tabulae
1282 2699 1320 2733 in
1343 2698 1492 2746 quinque
1517 2698 1700 2732 Sectiones
1725 2695 1778 2730 di—

199 2767 298 2802 visae
321 2769 402 2801 sunt
423 2777 487 2812 pro
511 2765 618 2800 Annis
644 2763 902 2808 1750-1770‚
938 2765 1077 2800 1770-
1092 2764 1197 2807 1790,
1229 2762 1487 2804 1790-1810,
1522 2761 1661 2795 1810-
1677 2759 1780 2802 1830,

204 2829 294 2865 1830
308 2850 346 2856 -
362 2828 473 2872 1850;
510 2841 613 2875 quum
642 2841 758 2864 omnes
792 2828 813 2863 5
842 2830 1023 2864 Sectiones
1055 2830 1133 2864 loca
1157 2827 1356 2863 contineant
1378 2826 1510 2860 illarum
1533 2824 1581 2859 36
1604 2824 1779 2859 stellarum

202 2898 239 2929 et
262 2894 382 2930 stellae
407 2906 431 2929 α
450 2894 565 2928 Ursae
587 2893 748 2936 minoris,
775 2897 899 2939 quarta
922 2896 959 2928 et
981 2893 1101 2940 quinta
1125 2892 1243 2927 Sectio
1267 2892 1346 2926 loca
1368 2902 1503 2936 quoque
1526 2889 1632 2923 habet
1655 2888 1779 2923 stellae

203 2957 226 2994 δ
247 2958 363 2993 Ursae
393 2957 552 3000 minoris,
594 2958 695 3004 hujus
729 2958 852 2993 stellae
882 2958 960 2993 loca
989 2958 1110 2998 tribus⁴
1136 2957 1204 2991 illis
1236 2955 1409 3002 prioribus
1439 2953 1659 2988 Sectionibus
1686 2952 1779 2986 haud

202 3021 338 3067 adjeci,
371 3021 452 3067 quia
475 3022 577 3057 stella
598 3022 659 3057 illa
682 3022 814 3058 demum
838 3022 882 3058 ab
906 3033 996 3058 anno
1022 3022 1113 3057 1820
1136 3021 1256 3056 stellae
1279 3019 1408 3067 polaris
1432 3017 1509 3052 vice
1529 3016 1628 3062 fungi
1651 3015 1777 3062 coepit.
