2034 3600
349 372 417 406 Pro
443 371 534 405 aiiris
560 370 731 404 densitate
754 389 812 401 ,τ-
839 371 876 412 1,
912 368 1048 403 Tabula
1071 373 1283 404 constantem
1306 370 1542 405 Refractionis
1566 380 1739 405 numerum

906 446 928 464 α
953 451 1011 464 =
1034 431 1176 475 57¹¹‚538

255 501 416 545 supponit

348 563 415 597 His
448 563 573 608 positis
607 562 801 603 elementis,
844 560 1025 594 Refractio
1063 561 1238 595 invenitur
1278 573 1298 595 e
1328 562 1497 597 solutione
1530 562 1769 608 problematis,
1813 573 1835 597 a

254 625 432 672 Krampio
458 625 693 676 etLaplacio
717 623 854 671 prolati.
909 623 1049 659 Tabula
1072 636 1141 658 non
1163 624 1264 659 modo
1288 625 1523 660 Refractionis
1547 626 1699 661 valorem
1723 626 1834 661 conti-

254 695 313 725 net
335 702 398 736 pro
425 689 443 724 b
468 710 529 722 =
549 690 631 732 29‚6
655 694 738 728 etfc
760 707 820 721 2-
843 693 876 724 τ’
899 707 958 719 =
983 688 1059 730 500,
1100 689 1163 722 sed
1188 690 1292 723 etiam
1315 689 1545 732 variationes,
1577 702 1664 735 quas
1688 691 1747 725 illa
1771 703 1833 737 pa-

253 754 359 796 titur,
391 754 421 788 si
445 753 485 797 b,
509 770 552 796 τ,
584 758 616 789 τ’
642 753 726 787 alios
751 751 993 786 nanciscantur
1016 754 1164 787 valores.
1236 753 1308 787 Sed
1336 754 1402 787 hae
1434 753 1645 789 variationes
1676 755 1834 789 theoriae

255 818 499 852 convenienter
524 822 741 863 computatae
767 821 865 858 sunt,
889 828 1019 861 neque,
1042 820 1081 849 ut
1103 817 1139 850 in
1163 816 1337 862 prioribus
1362 817 1506 851 Tabulis
1532 818 1745 863 suppositum
1768 823 1835 860 est,

252 887 361 916 totam
385 881 643 915 Refractionem
668 880 831 914 densitati
860 880 950 914 aeris
982 880 1016 914 in
1041 880 1117 914 loco
1142 881 1395 915 observationis
1431 893 1508 915 esse
1532 881 1834 927 proportionalem.

255 946 334 986 Quo
359 945 576 979 accuratiore
601 945 730 979 calculo
755 944 901 979 effectus
924 944 1120 978 Barometri
1145 949 1180 978 et
1200 944 1453 979 Thermometri
1477 945 1655 979 consensio
1676 946 1836 980 Tabulae

254 1021 330 1043 cum
355 1009 656 1043 observationibus
681 1009 781 1043 valde
807 1014 911 1043 aucta
933 1013 999 1043 est.
1047 1008 1165 1042 Etiam
1183 1008 1251 1050 illi,
1277 1009 1337 1053 qui
1361 1008 1472 1042 serius
1497 1009 1585 1043 hanc
1610 1020 1680 1044 rem
1704 1014 1837 1045 tracta-

253 1078 399 1114 verunt,
432 1073 622 1119 exemplum
646 1073 805 1107 Tabulae
828 1085 925 1106 meae
959 1073 1061 1119 plane
1094 1073 1205 1106 secuti
1236 1078 1317 1122 sunt
1339 1073 1414 1118 plus
1438 1073 1605 1108 minusve.
1667 1074 1836 1109 Thermo-

253 1142 417 1179 metrum,
452 1137 548 1171 scala
571 1136 864 1171 Fahrenheitiana
887 1137 1109 1178 instructum,
1144 1148 1211 1182 quo
1235 1135 1427 1181 Bradlejm
1451 1138 1616 1172 utebatur
1640 1138 1684 1173 ad
1709 1151 1837 1184 cogno-

255 1201 417 1237 scendam
453 1202 542 1236 aeris
575 1204 861 1247 temperaturam,
895 1212 998 1246 quum
1031 1205 1126 1235 esset
1158 1213 1275 1235 mense
1299 1201 1426 1235 Octob.
1454 1200 1545 1235 1750
1575 1202 1610 1236 in
1638 1203 1751 1238 nivem
1773 1203 1837 1238 im-

254 1277 422 1307 mersum,
455 1269 617 1311 punctum
641 1264 825 1310 gelationis
850 1264 972 1299 habuit
993 1264 1029 1298 in
1052 1264 1130 1307 330,
1154 1265 1220 1307 25,
1245 1265 1335 1299 unde
1358 1265 1544 1310 supposui,
1579 1268 1740 1312 quoniam
1764 1269 1838 1302 suf-

254 1329 412 1363 ficientes
437 1334 557 1364 carent
581 1330 624 1363 de
648 1330 713 1364 hoc
736 1329 962 1365 instrumento
986 1329 1270 1374 investigationes
1283 1354 1295 1371 ‚
1338 1341 1453 1363 omnes
1477 1334 1729 1376 temperaturas
1752 1332 1838 1366 illud
1891 1369 1893 1371 ,

211 1402 216 1406 ’
253 1393 426 1441 indicasse
451 1392 548 1436 10‚25
573 1405 679 1439 supra
702 1404 824 1435 veras,
858 1404 943 1437 ergo
969 1380 1142 1428 Tabulam
1172 1393 1289 1428 valere
1320 1404 1384 1438 pro
1411 1392 1534 1435 480,75
1569 1394 1643 1428 veri
1667 1395 1838 1430 Thermo-

254 1459 355 1492 metri
378 1457 672 1492 Fahrenheitiani.
719 1457 945 1491 Refractione
968 1456 1070 1501 hujus
1094 1457 1256 1491 Tabulae
1279 1456 1477 1502 significata
1498 1469 1563 1503 per
1587 1456 1632 1494 δθ
1645 1484 1655 1500 ,
1680 1471 1781 1504 quum
1804 1458 1837 1494 Α

255 1527 292 1556 et
316 1522 336 1557 λ
362 1522 495 1556 numeri
519 1522 604 1564 sint,
630 1523 688 1567 qui
713 1521 748 1554 in
763 1521 902 1555 Tabula
925 1532 988 1566 pro
1015 1532 1220 1566 unaquaque
1240 1520 1405 1555 distantia
1426 1521 1589 1556 zenithali
1606 1523 1838 1566 inveniantur,
1856 1512 1860 1515 μ

252 1585 411 1628 formula,
436 1598 504 1631 qua
527 1598 613 1621 vera
638 1585 893 1632 computabitur
916 1585 1096 1619 Refractio
1121 1597 1185 1631 pro
1208 1585 1404 1620 Barometri
1426 1586 1606 1620 altitudine
1632 1585 1664 1629 b,
1694 1599 1758 1633 pro
1782 1589 1836 1623 in·-

252 1649 482 1684 dicationibus
505 1650 684 1685 interioris
709 1655 746 1684 et
770 1649 954 1684 exterioris
979 1641 1234 1684 Thermometri
1248 1650 1297 1697 f‘
1321 1652 1358 1684 et
1372 1650 1421 1697 f,
1455 1650 1542 1684 erit:

346 1743 400 1779 ὃθ
422 1714 1054 1820 {2——9ssg1÷ff1-b5ffl0)0‚00010253
1067 1717 1081 1814 }
1101 1712 1134 1746 Α
1147 1741 1156 1784 ς
1170 1741 1187 1774 1
1203 1749 1238 1782 -ι-
1255 1742 1352 1789 (f-
1364 1741 1487 1788 48,75)
1498 1743 1740 1790 o,002083333
1760 1736 1796 1743 ““

346 1850 454 1883 Annis
480 1849 570 1883 1820
595 1853 630 1882 et
656 1848 742 1882 1821
768 1851 950 1895 postquam
975 1847 1150 1882 Cir-culum
1183 1846 1408 1881 meridianum
1439 1859 1459 1881 a
1483 1846 1767 1883 Reichenbachio
1802 1853 1837 1884 et

250 1912 400 1947 Ertellio
426 1913 640 1955 confectum,
676 1924 744 1959 quo
776 1917 848 1947 tum
880 1911 1021 1957 specula
1044 1911 1320 1954 Regiomontana
1347 1911 1519 1944 instructa
1551 1916 1646 1953 erat,
1676 1912 1839 1954 ita‘exa-x

1815 1717 1836 1753 λ

250 1977 482 2020 minaveram‚
505 1981 545 2012 ut
569 1977 870 2011 observationibus
894 1976 959 2009 hoc
982 1975 1211 2009 instrumento
1235 1974 1403 2008 institutis
1428 1974 1574 2019 exiguas
1604 1975 1682 2009 illas
1707 1977 1837 2011 addere

250 2054 387 2088 possem
425 2042 679 2084 correctiones,
717 2053 807 2086 quae
841 2052 862 2074 a
894 2039 1043 2073 flexione
1074 2038 1292 2073 instrumenti
1325 2043 1362 2072 et
1395 2051 1417 2073 a
1448 2039 1627 2073 divisionis
1661 2040 1837 2075 erroribus

251 2107 443 2149 orirentur,
476 2117 649 2152 quumque
672 2105 933 2139 instrumentum
956 2104 1009 2137 ita
1033 2101 1262 2136 examinatum
1292 2102 1503 2137 certissimas
1528 2102 1750 2149 polliceretur
1774 2106 1837 2140 ob-

251 2171 488 2213 servationes,
521 2170 682 2205 methodo
713 2169 856 2215 insuper
888 2167 1045 2202 adhibita
1066 2167 1365 2201 Thermometrum
1399 2167 1502 2213 plane
1534 2159 1752 2212 corrigendi,
1792 2169 1838 2204 ad

250 2247 373 2270 novam
396 2234 629 2269 Refractionis
654 2233 827 2268 Tabulam
861 2231 1074 2266 condendam
1095 2231 1357 2265 observationes
1388 2231 1628 2276 pervestigavi
1659 2233 1837 2270 stellarum

249 2298 294 2333 58
330 2298 646 2345 circumpolarium‚
678 2309 768 2343 quae
801 2309 822 2331 a
854 2296 956 2330 stella
989 2311 1013 2331 α
1041 2294 1157 2329 Ursae
1178 2293 1328 2329 minoris
1359 2296 1543 2330 culminant
1575 2307 1683 2342 usque
1715 2297 1759 2331 ad
1784 2297 1837 2331 di-

250 2363 414 2410 stantiam
438 2362 642 2397 zenithalem
665 2361 730 2395 860
748 2361 815 2394 27‘.
882 2360 997 2401 Quum
1021 2359 1258 2411 Refractionis
1288 2356 1516 2412 variationes,
1558 2371 1578 2394 a
1601 2364 1836 2406 temperatura

249 2426 446 2473 profectaS,
490 2439 535 2461 ex
560 2424 864 2460 observationibus
894 2423 940 2457 56
973 2424 1166 2466 stellarum,
1207 2435 1351 2469 quarum
1375 2423 1541 2458 distantia
1564 2423 1745 2458 zenithalis
1770 2424 1835 2458 60⁰

249 2491 531 2533 transcenderet,
574 2490 803 2524 determinare
841 2499 980 2534 operam
1015 2488 1210 2530 dedissem,
1249 2487 1383 2529 iuveni,
1431 2487 1637 2531 densitatem
1672 2489 1764 2523 aeris
1799 2489 1834 2525 in

250 2559 485 2603 temperatura
508 2565 533 2588 x
557 2566 620 2603 pro
646 2554 742 2588 scala
766 2551 979 2587 centesimali
1003 2551 1259 2599 Thermometri
1283 2551 1480 2598 sumendam
1505 2563 1583 2586 esse

1056 2617 1075 2649 1

817 2662 1242 2718 :W

250 2744 291 2778 ut
315 2740 576 2776 observationes
600 2751 702 2785 quam
726 2739 986 2773 accuratissime
1009 2728 1364 2785 repraesentarentur}
1421 2728 1536 2770 Huncv
1552 2736 1688 2782 quidem
1712 2737 1835 2772 coeffi-

252 2806 398 2841 cientem
422 2805 496 2839 Cel.
524 2802 774 2851 Gay-Lassae
796 2803 930 2837 invenit
953 2823 1011 2835 =
1029 2801 1202 2845 o,00375‚
1239 2801 1301 2836 s'ed
1325 2811 1427 2846 quum
1451 2797 1507 2834 hic
1530 2812 1594 2847 pro
1619 2800 1710 2835 aere‘
1725 2801 1832 2844 sicco,
1872 2822 1873 2826 =

251 2871 350 2915 cujus
373 2871 522 2916 majores
545 2869 621 2903 fere
644 2871 725 2902 sunt
747 2870 909 2913 respectu
933 2867 1168 2901 Refractionis
1192 2864 1416 2906 mutationes,
1449 2875 1550 2910 quam
1575 2864 1667 2899 aeris
1690 2865 1832 2900 humore

251 2934 392 2978 satiati„
423 2945 584 2969 numerus
607 2934 766 2968 inventus
790 2943 812 2966 a
834 2943 888 2965 me
921 2931 1032 2966 medio
1058 2931 1195 2966 cuidam
1223 2929 1375 2966 humoris
1405 2927 1513 2989 statui
1543 2929 1750 2974 respondet,
1780 2929 1833 2964 ita
1870 2932 1873 2951 Γ

250 3002 291 3033 ut
322 2999 436 3044 posito
471 2998 538 3032 hoc
572 3000 686 3039 statu,
727 2995 784 3030 hic
817 3006 893 3029 cum
924 2994 980 3029 illo
1008 2994 1202 3029 consentiat
1224 3004 1391 3028 numerus.
1452 2991 1563 3033 Quam
1596 2993 1640 3026 ob
1676 3005 1833 3028 caussam

250 3061 301 3095 illi
325 3074 465 3098 numero
491 3073 667 3097 numerum
690 3060 868 3106 praeferre
890 3070 959 3094 non
983 3059 1141 3094 dubitavi
1163 3071 1301 3095 meum„
1356 3058 1466 3092 Porro
1489 3057 1555 3092 hac
1578 3058 1692 3103 posita
1716 3058 1833 3092 deter-
