2034 3600
1663 161 1849 204 XXVII

200 352 320 387 tudine
350 350 446 387 Nodi
475 348 623 385 Lunaris
655 347 923 395 dependentem,
957 344 1110 382 secunda
1141 356 1226 380 vero
1259 344 1416 379 columna
1447 344 1590 379 similem
1627 347 1783 390 tempore

202 426 401 462 expressam
433 414 681 450 correctionem
711 411 847 462 mediae
874 409 1120 446 Adscensionis
1150 412 1270 444 rectae
1294 408 1448 451 solaris,
1485 409 1593 444 tertia
1627 409 1784 444 columna

201 479 351 515 mediam
374 478 565 525 Ecliptices
589 476 841 523 obliquitatem
875 487 951 510 cum
974 474 1167 510 Nutatione
1190 473 1319 508 Lunari
1351 473 1579 517 conjunctam.
1651 473 1785 514 Quinta

201 542 343 579 Tabula
365 543 520 577 continet
541 542 768 578 Nutationem
791 539 948 575 Solarem
971 551 1035 586 pro
1058 537 1291 584 Longitudine
1315 542 1352 571 et
1371 537 1601 583 obliquitate.
1649 537 1784 583 Super-

199 618 389 643 vacaneum
405 607 609 649 videbatur,
631 605 840 653 peculiarem
864 603 993 639 addere
1013 603 1183 639 Tabulam
1200 613 1264 651 pro
1282 602 1441 648 partibus
1460 601 1682 636 formularum
1708 600 1781 647 [21]

199 685 222 709 a
246 673 375 720 duplici
397 671 630 716 Longitudine
660 670 791 706 Lunari
819 668 1070 716 pendentibus,
1112 667 1242 714 quippe
1271 665 1407 711 exiguis
1438 668 1476 700 et
1497 667 1618 701 brevis
1640 666 1785 711 insuper

199 737 346 784 periodi.
403 736 596 781 Utriusque
620 735 782 771 Tabulae
804 734 1052 779 Argumentum
1077 731 1151 766 die·
1174 731 1340 766 reductus
1365 734 1430 765 est.

293 801 413 836 Media
435 800 628 846 Ecliptices
651 799 871 845 Obliquitas‚
908 808 998 843 quae
1028 797 1151 831 subest
1183 795 1343 831 Tabulae
1373 794 1445 836 IV,
1488 805 1556 829 non
1587 796 1786 839 computata

200 868 255 900 est
278 864 464 900 secundum
488 863 667 898 formulam
691 863 760 908 [2],
785 862 847 896 sed
871 848 1058 895 secundum
1082 871 1158 893 eam
1180 859 1377 901 formulam,
1420 870 1521 904 quam
1544 870 1589 893 ex
1612 857 1697 892 solis
1721 859 1785 892 ob·

200 929 457 964 servationibus
481 927 640 961 derivavi
666 926 720 970 ⁸),
752 936 875 970 nempe
898 935 962 969 pro
990 923 1129 963 18004
1143 927 1160 955 t

739 987 806 1022 23ο
817 987 874 1022 27’
886 985 984 1030 54”,8
1000 1006 1035 1012 -
1049 991 1063 1020 1
1075 1011 1084 1020 .
1096 985 1220 1029 0⁹‚457

201 1056 315 1098 Quam
337 1054 518 1089 formulam
542 1053 676 1088 duabus
699 1054 825 1099 postea
849 1050 1085 1086 confirmatam
1108 1050 1472 1092 determinationibus,
1499 1061 1622 1096 nempe

743 1114 835 1150 1815
849 1140 950 1150 .....
961 1114 1028 1149 23ο
1039 1114 1096 1148 27’
1108 1112 1234 1156 47”,42

745 1178 835 1214 1825
849 1204 1090 1214 ...........
1108 1177 1232 1221 43”,78

191 1246 356 1282 adhibita
380 1245 622 1292 disquisitione
645 1243 794 1278 omnium
816 1243 1039 1288 Regiomonti
1069 1243 1165 1277 circa
1188 1241 1305 1277 Solem
1333 1253 1444 1288 usque
1477 1241 1523 1276 ad
1546 1243 1671 1276 annum
1697 1241 1786 1275 1825

198 1312 436 1346 institutarum
468 1309 770 1351 observationum,
802 1308 852 1342 illi
885 1308 970 1342 duxi
1003 1306 1277 1354 anteponendam
1307 1318 1406 1348 esse,
1448 1306 1532 1352 quia
1564 1307 1687 1350 negari
1720 1317 1788 1340 non

199 1379 338 1422 potest,
374 1374 564 1417 theoriam,
599 1374 657 1408 cui
677 1373 825 1408 formula
846 1372 907 1407 illa
930 1376 1170 1418 superstructa
1193 1371 1261 1413 sit,
1293 1371 1420 1406 incerti
1443 1370 1574 1416 aliquid
1596 1370 1728 1404 habere
1751 1370 1788 1404 in

199 1440 326 1474 massis
349 1439 583 1485 planetarum,
607 1438 871 1473 observationes
889 1442 1012 1472 contra
1034 1437 1205 1471 minimam
1230 1435 1510 1471 incertitudinem
1528 1434 1726 1480 relinquere
1743 1434 1788 1469 de

201 1515 315 1538 annua
339 1503 571 1549 obliquitatis
596 1502 832 1537 diminutione.

295 1596 522 1642 Exemplum.
571 1595 764 1638 Quaeritur
786 1595 935 1630 Nutatio
969 1606 1033 1641 pro
1056 1593 1288 1640 Longitudine
1320 1597 1357 1628 et
1389 1605 1561 1640 apparens
1586 1592 1788 1638 Obliquitas

199 1661 391 1708 Ecliptices
415 1672 479 1707 pro
503 1659 649 1695 meridie
671 1660 948 1706 Regiomontano
973 1659 1031 1694 die
1053 1659 1111 1694 23.
1130 1658 1240 1706 April.
1267 1657 1370 1694 1829.

295 1725 470 1760 Adhibitis
494 1724 642 1760 Tabulis
659 1724 677 1759 Ι
694 1728 731 1759 et
748 1725 782 1760 11
804 1725 962 1761 reductio
978 1724 1175 1759 invenietur
1194 1723 1327 1758 dierum
1345 1722 1426 1757 anni
1446 1721 1535 1756 1829
1546 1740 1607 1753 Ξ
1621 1719 1788 1764 -o‚175;

201 1801 286 1836 ergo
311 1788 386 1824 dies
409 1789 576 1825 reductus
600 1789 668 1824 erit
690 1789 773 1836 Apr.
796 1787 943 1832 22,825,
976 1800 1040 1835 pro
1065 1799 1134 1833 quo
1158 1783 1320 1837 Tabulae
1344 1785 1569 1832 suppeditant

972 1856 1049 1887 Nut.
1074 1856 1171 1894 Long.
1314 1855 1383 1885 obl.
1407 1855 1474 1884 Ecl.

1410 1905 1412 1908 ,
1479 1900 1482 1904 .

1249 1962 1314 1998 230
1325 1960 1518 2003 27'32''‚4o

1353 2034 1391 2067 -ι-
1418 2025 1519 2068 0¹¹‚24

1194 2144 1202 2152 .
1250 2118 1316 2154 23ο
1327 2119 1375 2155 27
1374 2125 1384 2138 ’
1394 2117 1520 2162 32”,64

689 2252 970 2307 Tabulae
1012 2252 1081 2307 v1
1115 2259 1166 2308 8<
1197 2257 1305 2306 vn.
1365 2246 1373 2249 ”

321 2374 533 2414 Conversio
574 2373 777 2428 Temporis
821 2373 975 2415 solaris
1013 2376 1131 2415 medii
1172 2377 1213 2414 in
1252 2373 1428 2431 Tempus
1469 2375 1679 2423 sidereum,

845 2456 886 2488 et
909 2451 994 2488 vice
1019 2462 1148 2490 versa.

300 2559 441 2606 Tabula
465 2573 585 2614 sexta,
618 2574 819 2617 computata
843 2571 890 2606 ab
910 2570 1059 2618 Angero
1082 2583 1178 2618 meo,
1201 2572 1348 2607 mediam
1371 2572 1525 2607 eontinet
1547 2576 1708 2619 tempore,
1728 2583 1790 2606 ex-

205 2647 361 2684 pressam
392 2635 661 2671 Adscensionem
693 2639 825 2670 rectam
855 2635 968 2679 Solis,
999 2637 1216 2682 conjunctam
1249 2649 1325 2672 cum
1353 2636 1548 2672 Nutatione
1577 2636 1693 2671 Solari
1724 2647 1790 2682 pro

207 2701 366 2735 omnibus
389 2700 470 2735 anni
492 2700 567 2734 ficti
589 2699 712 2735 mediis
736 2699 966 2744 meridiebus,
999 2690 1145 2747 eamque
1168 2700 1371 2737 calculatam
1394 2713 1474 2737 esse
1496 2703 1643 2748 apparet
1666 2711 1791 2735 secun-

207 2765 287 2799 dum
309 2764 488 2800 formulam

531 2828 575 2862 18
609 2827 669 2862 40¹
682 2834 718 2869 ÷
731 2839 757 2863 n
769 2854 778 2863 .
790 2827 823 2862 3'
834 2820 1050 2872 56¹¹‚555347
1061 2848 1100 2855 —
1112 2828 1306 2872 00‚081695
1323 2829 1386 2864 Sin
1395 2829 1419 2864 2
1429 2837 1459 2868 Θ

208 2892 244 2925 in
268 2903 337 2938 qua
359 2901 386 2926 n
410 2889 530 2926 omnes
548 2903 708 2927 numeros
731 2893 888 2937 integros
911 2893 956 2927 ab
977 2893 1003 2926 0
1025 2905 1135 2940 usque
1158 2894 1204 2929 ad
1226 2891 1295 2928 365
1321 2883 1507 2939 significat.
1568 2892 1704 2934 Quodsi
1726 2905 1792 2928 nu-

210 2955 313 2990 meris
336 2956 396 2991 illa
413 2957 586 2991 contentis
603 2957 753 2993 Nutatio
774 2957 924 2993 addatur
947 2970 992 2994 ex
1011 2958 1165 2995 secunda
1185 2958 1342 2994 columna
1365 2957 1458 2993 Tab.
1474 2957 1526 2992 IV
1549 2956 1792 3004 depromenda,

258 3035 284 3075 *)
307 3039 521 3071 Fundamenta
544 3042 756 3072 Astronomiae
780 3046 839 3073 etc.
870 3042 907 3073 1’.
929 3043 973 3074 81.
