2034 3600
168 158 422 203 XXXVIII

328 342 462 377 Harum
494 339 705 376 Tabularum
738 331 984 386 Argumean
1017 337 1106 374 Dies
1128 330 1294 373 reductus
1327 341 1402 380 est,
1441 336 1502 384 qui
1535 339 1597 372 aut
1619 337 1815 374 immediate

236 409 297 441 aut
321 406 449 440 additis
474 404 531 439 die
553 404 690 448 integro
725 407 785 438 aut
814 404 947 438 duobus
977 402 1099 437 diebus
1130 402 1277 448 integris
1313 403 1377 449 (ut
1398 413 1474 449 pro
1487 413 1692 448 unaquaque
1715 402 1816 438 stella

234 470 271 504 in
288 469 434 504 Tabulis
458 468 659 515 exponitur)
684 467 887 514 apparentia
911 467 1085 502 stellarum
1107 466 1185 502 loca
1208 478 1271 514 pro
1295 466 1475 502 momentis
1499 465 1712 513 superiorum
1726 466 1815 500 Cul-
1879 474 1884 477 ·

234 533 457 571 minationum
481 532 729 566 subministrat.
778 532 846 566 Pro
872 530 1027 565 omnibus
1051 530 1098 566 36
1120 530 1231 566 stellis
1253 530 1565 566 fundamentalibus
1589 530 1732 566 sinistra
1751 542 1816 577 pa-

235 596 318 641 gina
341 596 423 630 libri
453 608 515 642 pro
549 596 649 630 initio
682 606 848 630 annorum
879 597 916 628 et
944 606 1008 640 pro
1039 595 1271 641 temporibus,
1305 606 1392 640 quae
1415 594 1597 630 intervallo
1623 594 1701 638 100,
1734 595 1817 638 200,

235 659 322 703 300,
346 659 415 692 400
435 659 566 694 dierum
589 659 801 694 sidereorum
825 658 1094 704 subsequuntur,
1120 669 1282 693 summam
1305 658 1462 693 continet
1484 662 1521 694 et
1543 658 1647 693 medii
1664 658 1733 694 loci
1752 670 1816 705 pro

234 723 335 758 initio
359 735 523 758 annorum
547 729 583 758 et
606 723 755 769 partimn
780 733 898 757 earum
920 722 1139 764 Nutationis,
1180 733 1270 768 quae
1293 734 1315 757 a
1337 721 1573 771 Longitudine
1596 722 1679 757 nodi
1702 723 1818 758 Luna-

234 787 284 822 ris
310 787 525 833 dependent;
559 788 684 821 dextra
715 797 799 821 vero
833 786 962 832 pagina
990 779 1054 832 pro
1088 786 1219 821 decimo
1253 797 1389 831 quoque
1416 785 1474 820 die
1497 785 1633 820 sidereo
1657 798 1819 823 summam

237 851 392 886 continet
415 855 453 886 et
475 851 579 885 medii
601 854 714 885 motus
738 849 908 884 numerati
933 851 976 884 ab
1001 849 1100 884 initio
1125 850 1205 884 anni
1229 853 1266 886 et
1288 849 1530 884 Abel-rationis
1554 853 1591 884 et
1613 849 1818 884 Nutationis

236 915 385 957 Solaris,
417 926 522 960 porro
546 914 692 949 medium
714 925 779 960 pro
803 925 940 960 quoque
964 925 1053 948 anno
1077 913 1208 956 locum,
1250 913 1309 959 qui
1338 913 1375 948 in
1409 913 1649 960 computandis
1673 913 1819 948 Tabulis
1879 920 1882 922 ’

236 978 411 1013 adhibitus
436 982 500 1013 est.
548 978 698 1021 Tabula,
722 990 811 1023 quae
835 980 891 1012 est
911 977 948 1011 in
972 977 1096 1012 dextra
1114 977 1254 1023 pagina,
1278 989 1340 1024 pro
1358 977 1471 1012 medio
1494 978 1661 1023 cujusque
1682 976 1820 1011 Sectio-

236 1043 290 1077 nis
315 1054 425 1085 anno,
449 1054 571 1089 nempe
595 1054 684 1077 anno
712 1041 821 1084 1760,
848 1041 957 1084 1780,
984 1041 1094 1085 1800,
1121 1041 1231 1085 1820,
1258 1041 1359 1084 1840,
1383 1045 1582 1091 computata
1606 1041 1766 1083 est,.sed
1783 1040 1821 1075 in

236 1107 369 1142 duabus
392 1106 519 1141 ultimis
543 1106 708 1141 columnis
732 1106 888 1140 continet
910 1105 1144 1148 variationes,
1182 1117 1269 1151 quas
1298 1117 1361 1152 per
1391 1106 1510 1140 decem
1542 1117 1652 1140 annos
1682 1103 1823 1151 quanti-

234 1173 328 1205 tates
351 1170 525 1217 prioribus
550 1169 715 1205 columnis
739 1173 926 1205 contentae
949 1169 1144 1216 patiuntur;
1178 1169 1311 1205 numeri
1340 1173 1453 1204 autem
1481 1169 1603 1204 harum
1625 1168 1821 1204 ultimarum

237 1234 468 1269 columnarum
491 1246 555 1281 pro
579 1235 816 1269 Adscensione
839 1237 939 1269 recta
960 1234 1157 1268 millesimae
1181 1237 1262 1269 sunt
1284 1233 1483 1281 temporalis
1513 1233 1656 1269 secundi
1688 1237 1821 1280 partes,

236 1309 299 1343 pro
323 1298 564 1339 Declinatione
588 1299 798 1334 centesimae
822 1298 962 1333 secundi
987 1298 1135 1332 arcualis
1158 1302 1288 1344 partes.

331 1362 372 1396 In
395 1363 635 1397 construendis
659 1363 713 1397 his
738 1363 885 1398 Tabulis
909 1363 1047 1398 multum
1070 1362 1153 1397 mihi
1178 1362 1339 1397 auxilium
1364 1363 1552 1398 attulerunt
1575 1361 1669 1396 Clar.
1685 1361 1819 1404 Αἱὸεντ,

237 1425 364 1472 Anger
388 1430 425 1461 et
449 1424 580 1460 Busa-72.
628 1426 755 1473 Anger
777 1427 1004 1462 Nutationem
1027 1427 1197 1461 Lunarem
1220 1438 1284 1472 pro
1307 1427 1406 1461 initio
1431 1430 1468 1461 et
1501 1428 1614 1462 2002.o
1648 1426 1705 1460 die
1729 1427 1822 1461 side-

236 1502 298 1525 reo
323 1502 489 1525 annorum
513 1491 698 1526 calculavit
721 1503 784 1538 pro
801 1491 1038 1526 Adseensione
1061 1494 1180 1533 recta,
1205 1491 1296 1526 idem
1321 1491 1533 1538 computavit
1552 1488 1734 1527 Busa-him
1757 1501 1822 1537 pro

236 1554 498 1596 Declinatione,
535 1555 669 1601 reliqua
701 1555 782 1590 inde
813 1555 1083 1601 interpolatione
1115 1555 1282 1591 derivavi.
1349 1556 1402 1590 el.
1427 1555 1554 1591 Albert
1583 1555 1754 1591 Tabulam
1785 1554 1822 1588 in

239 1618 365 1653 dextra
387 1619 517 1664 pagina
539 1631 602 1665 pro
618 1620 857 1654 Adscensione
880 1624 980 1654 recta
1004 1631 1072 1654 non
1096 1620 1202 1654 solum
1225 1631 1288 1665 pro
1315 1619 1406 1654 1750
1429 1620 1492 1655 sed
1515 1620 1618 1656 etiam
1641 1631 1705 1667 pro
1733 1617 1822 1653 1850

239 1683 472 1729 computavit,
505 1683 596 1718 idem
629 1695 697 1718 una
727 1695 804 1718 cum
839 1683 891 1717 cl.
916 1683 1077 1718 Buschio
1105 1684 1276 1718 Tabulam
1305 1684 1459 1718 condidit
1481 1695 1544 1730 pro
1568 1683 1823 1727 Declinatione,

240 1758 284 1780 ex
307 1758 374 1792 quo
400 1747 557 1782 Tabulas
589 1759 654 1794 pro
684 1747 805 1782 mediis
837 1747 937 1782 annis
967 1747 1117 1793 quinque
1147 1747 1282 1782 illarum
1306 1748 1504 1783 Sectionum
1537 1751 1573 1783 et
1598 1747 1823 1790 variationes,

239 1821 324 1855 quas
347 1822 410 1856 per
434 1811 553 1846 decem
577 1823 686 1845 annos
709 1811 904 1857 patiuntur,
929 1811 1091 1847 conclusi.
1139 1812 1253 1853 Quum
1275 1811 1311 1846 in
1335 1811 1490 1846 omnibus
1513 1812 1566 1847 his
1591 1812 1732 1847 calculis
1754 1823 1824 1847 una

238 1874 314 1920 plus
339 1886 439 1920 quam
461 1875 609 1910 Tabulis
633 1875 853 1910 contineatur
887 1880 971 1910 nota
996 1875 1172 1910 decimalis
1206 1875 1363 1910 adhibita
1394 1875 1462 1919 sit,
1495 1876 1614 1911 addita
1638 1879 1823 1922 praeterea

239 1941 323 1984 apta
346 1938 470 1973 calculi
494 1940 793 1985 comprobatione,
821 1939 858 1974 in
881 1940 971 1974 hanc
995 1951 1090 1986 spem
1115 1952 1187 1975 sum
1211 1940 1400 1982 adductus,
1423 1944 1463 1975 ut
1487 1940 1659 1975 certitudo
1683 1940 1824 1975 ultimae

238 2001 276 2036 in
307 2002 455 2037 Tabulis
488 2006 647 2038 retentae
679 2003 854 2039 decimalis
886 2004 1016 2051 ubique
1046 2015 1157 2050 usque
1189 2004 1234 2039 ad
1266 2015 1368 2039 unam
1402 2004 1569 2040 unitatem
1600 2005 1712 2052 possit
1740 2017 1822 2041 con-
1880 2022 1883 2024 ·

238 2066 380 2102 firmari.
1301 2057 1304 2061 ⁴

335 2131 446 2165 Simili
468 2127 570 2167 modo
599 2132 758 2167 Tabulae
788 2131 967 2178 utriusque
1001 2132 1122 2166 stellae
1150 2131 1282 2178 polaris
1311 2132 1503 2179 dispositae
1535 2137 1626 2168 sunt.
1692 2134 1765 2169 Sed
1784 2134 1823 2169 in

241 2194 296 2229 his
320 2195 468 2231 Tabulis
492 2208 535 2231 ea
559 2196 729 2239 membra,
754 2208 843 2243 quae
866 2209 888 2231 a
911 2196 1091 2243 quadratis
1110 2196 1358 2243 productisque
1385 2197 1624 2233 Aberrationis
1649 2201 1686 2234 et
1709 2200 1824 2234 Nuta-

242 2259 346 2294 tionis
371 2260 588 2306 dependent,
621 2273 722 2306 quum
745 2261 885 2295 limitem
910 2264 1092 2297 assecutae
1122 2264 1255 2304 essent,
1280 2261 1325 2296 ad
1347 2255 1448 2307 quam
1473 2262 1724 2309 approximatio
1748 2264 1823 2299 Ta-

242 2323 398 2358 bularum
424 2324 577 2367 accedit,
601 2336 670 2359 non
694 2325 854 2370 neglecta
878 2328 975 2368 sunt,
1001 2337 1065 2360 nec
1088 2325 1198 2371 minus
1222 2337 1291 2361 non
1315 2325 1442 2361 omissa
1466 2330 1520 2361 est
1541 2327 1689 2362 Nutatio
1713 2340 1735 2363 a
1758 2329 1823 2364 du-

242 2387 324 2434 plici
357 2387 587 2432 Longitudine
617 2389 747 2423 Lunari
770 2389 977 2435 dependens.
1047 2390 1087 2423 In
1117 2375 1170 2424 his
1196 2402 1331 2437 quoque
1354 2391 1499 2426 Tabulis
1523 2391 1732 2426 calculandis
1749 2394 1822 2428 'ad-

240 2451 337 2496 jutus
371 2463 444 2486 sum
475 2453 519 2486 ab
543 2451 689 2499 Anger«)
714 2465 810 2496 meo,
843 2453 902 2500 qui
923 2465 987 2500 pro
1012 2454 1113 2489 stella
1136 2454 1286 2490 oeUrsae
1308 2454 1448 2489 minoris
1476 2455 1631 2490 Tabulas
1655 2455 1823 2502 inaequa-

242 2514 352 2550 litatis
375 2526 510 2568 annuae
533 2528 597 2562 pro
622 2517 720 2551 annis
748 2518 857 2560 1760,
891 2517 1000 2560 1780,
1034 2518 1144 2561 1800,
1180 2519 1286 2569 1820,
1320 2517 1410 2553 1840
1434 2519 1657 2566 computavit.
1719 2515 1823 2556 Nunc

192 2594 197 2598 ’
245 2579 289 2615 de
304 2579 516 2616 Tabularum
536 2580 678 2628 Analysi
693 2582 889 2618 accuratius
909 2594 1094 2629 exponam,
1119 2594 1304 2630 earumque
1326 2594 1422 2619 usum
1446 2584 1610 2631 exemplis
1628 2569 1820 2621 illustrabo.

653 2724 690 2765 1.
740 2721 814 2765 De
842 2724 980 2766 stellis·
997 2722 1415 2775 fundamentalibus.

338 2833 408 2869 Pro
431 2834 479 2869 36
502 2834 610 2870 stellis
632 2835 943 2872 fundamentalibus
967 2837 1080 2873 media
1101 2837 1162 2873 illa
1184 2838 1261 2874 loca
1283 2848 1346 2885 pro
1369 2835 1457 2872 1755
1481 2836 1597 2884 posita
1613 2840 1709 2880 sunt,
1733 2848 1822 2883 quae

247 2909 291 2931 ex
313 2896 479 2951 Bradleji
501 2900 799 2936 observationibus
824 2902 1018 2948 computavi
1034 2902 1090 2947 *),
1113 2902 1366 2939 Adscensiones
1382 2904 1500 2937 rectae
1515 2904 1628 2938 autem
1644 2914 1708 2950 pro
1731 2902 1821 2937 1825

294 3024 321 3066 *)
344 3030 556 3063 Fundamenta
579 3033 790 3064 Astronomiae
813 3042 869 3073 pro
894 3036 981 3064 Anno
1006 3036 1081 3065 1755.
1120 3036 1201 3067 Seet.
1225 3037 1262 3067 X.
