2034 3600
205 164 355 213 XLIV

272 351 384 386 hibito
407 351 655 391 instrumento,
690 347 1155 393 diligentissimecollocato.
1203 347 1320 382 Etiam
1343 347 1426 382 illud
1448 347 1657 391 notandum,
1681 349 1849 385 observa-

273 416 386 451 tiones
410 413 569 449 vernales
593 416 630 447 et
653 412 806 448 aestivas
829 422 964 457 semper
986 410 1237 446 Adscensiones
1261 415 1376 446 rectas
1401 412 1565 446 exhibere
1588 411 1629 446 δ”
1651 415 1755 459 temp.
1774 413 1850 447 fere

273 480 421 525 majores
445 489 545 524 quain
570 476 780 511 autumnales
805 479 841 510 et
864 474 1046 517 hiemales,
1080 475 1188 520 quod,
1217 487 1319 521 quum
1343 478 1379 512 et
1401 476 1437 510 in
1461 475 1651 510 vetustiore
1674 480 1711 510 et
1733 476 1770 511 in
1792 487 1872 513 re—.

273 543 427 578 centiore
450 541 677 575 instrumento
701 540 812 575 locum
839 539 987 580 habeat,
1020 537 1234 574 minuendam
1266 551 1344 574 esse
1373 539 1637 574 Aberrationem
1668 539 1851 582 indicaret,

271 607 339 641 nisi
362 618 406 640 ex
429 604 700 640 Adscensionum
723 607 895 639 rectarum
920 602 1242 645 observationibus,
1271 606 1311 638 ut
1329 603 1400 648 jam
1425 614 1529 650 supra
1553 602 1688 645 monui,
1716 603 1851 638 incerta

272 681 407 716 semper
430 672 524 704 esset
547 667 787 703 Aberrationis
811 667 1063 702 determinatio.

365 734 503 769 Tabula
526 744 589 779 pro
615 733 679 766 hac
703 731 802 766 stella
827 734 1027 776 comparata
1047 730 1148 780 plane
1172 729 1289 764 similis
1314 733 1368 764 est
1391 730 1458 772 illi,
1493 742 1592 776 quam
1625 742 1688 777 pro
1712 730 1758 766 36
1781 729 1849 765 illis

271 798 379 834 stellis
418 796 728 832 fundamentalibus
763 794 954 841 explicavi,
998 794 1060 828 sed
1098 793 1321 839 amplitudine
1356 798 1410 828 est
1443 794 1556 840 paullo
1589 796 1717 840 major,
1758 794 1850 840 quod

270 866 415 909 propter
438 860 632 907 propiorem
658 859 779 893 stellae
803 857 903 892 situm
928 858 972 893 ad
996 858 1109 904 polum
1142 857 1301 892 nonnulla
1325 858 1496 900 membra,
1536 869 1624 904 quae
1657 870 1679 892 a
1702 858 1851 904 quadra-

269 928 316 962 tis
348 924 596 972 productisque
626 922 865 958 Aberrationis
899 926 935 956 et
963 921 1166 957 Nutationis
1197 921 1484 967 proficiscuntur,
1513 922 1585 967 jam
1610 921 1754 967 alicujus
1778 933 1852 956 mo-

271 991 376 1026 menti
401 992 497 1030 sunt,
523 991 558 1022 et
582 986 675 1033 quod
698 986 876 1033 proposito
902 985 1063 1021 convenit
1088 997 1148 1020 eas
1172 989 1290 1032 partes
1315 985 1541 1027 Nutationis‚
1567 997 1656 1031 quae
1681 997 1702 1020 a
1726 985 1852 1031 duplici

212 1102 214 1104 v
270 1054 504 1099 Longitudine
527 1051 658 1086 Lunari
681 1050 895 1097 dependent,
930 1061 999 1084 non
1022 1050 1210 1095 negligere.
1276 1050 1394 1091 Quare
1417 1049 1554 1085 Tabula
1577 1061 1640 1096 pro
1666 1061 1795 1084 summa
1817 1053 1853 1084 et

271 1118 376 1154 medii
398 1117 466 1152 loci
489 1128 551 1163 pro
576 1115 674 1150 initio
700 1114 782 1149 anni
805 1118 840 1148 et
863 1113 1084 1156 Nutationis,
1107 1115 1322 1159 Argumenta
1345 1125 1480 1160 quoque
1505 1120 1584 1154 Θ-Ι-
1600 1123 1633 1152 «Ω,
1661 1116 1697 1148 et
1721 1121 1742 1150 J
1768 1125 1853 1148 con-

269 1183 380 1225 tinet,
413 1192 580 1227 expressa
603 1178 787 1214 millesimis
811 1178 1030 1224 peripheriae
1053 1178 1213 1224 partibus
1244 1182 1280 1212 et
1302 1178 1550 1223 respondentia
1572 1177 1695 1213 iisdem
1718 1181 1852 1223 tempo-

268 1247 317 1282 ris
341 1245 540 1288 momentis,
571 1243 695 1289 quibus
720 1245 858 1277 ceterae
882 1243 1058 1277 columnae
1081 1242 1240 1277 Tabulae
1262 1242 1484 1289 respondent.
1543 1241 1644 1276 Duae
1666 1241 1852 1287 insequen-

269 1314 323 1346 tes
347 1310 517 1345 Tabellae
540 1307 822 1355 perturbationes
847 1307 1026 1350 continent
1049 1307 1294 1342 Adscensionis
1325 1309 1445 1341 rectae
1475 1310 1512 1340 et
1534 1305 1782 1340 Declinationis
1806 1305 1850 1339 ab

268 1374 323 1410 his
357 1372 579 1419 Argumentis
610 1371 857 1418 dependentes.
917 1371 1102 1405 Caeterum
1132 1370 1286 1405 secunda
1314 1370 1471 1412 Tabula,
1515 1381 1636 1415 nempe
1666 1369 1743 1411 illa,
1784 1380 1852 1414 qua

269 1449 414 1473 annuae
438 1437 658 1472 continentur
682 1434 936 1476 correctiones,
961 1446 1031 1469 non
1053 1446 1116 1481 pro
1142 1435 1263 1470 stellae
1285 1435 1379 1477 loco,
1403 1434 1463 1479 qui
1487 1437 1541 1468 est
1564 1433 1663 1468 initio
1687 1443 1852 1467 annorum

270 1502 379 1545 1760,
406 1501 516 1544 1780,
544 1500 657 1542 1800,
679 1499 790 1541 1820,
818 1498 928 1542 1840,
953 1499 1016 1534 sed
1039 1510 1102 1545 pro
1128 1511 1189 1541 eo,
1222 1499 1282 1544 qui
1304 1498 1492 1544 unicuique*
1512 1498 1581 1532 diei
1605 1497 1665 1533 illa
1689 1499 1851 1531 contento

268 1566 499 1614 respondeat,
530 1567 729 1611 computata
754 1566 820 1599 est.
869 1563 982 1605 Quam
1006 1564 1050 1598 ob
1075 1575 1233 1599 caussam
1257 1575 1371 1598 annua
1393 1562 1543 1598 variatio
1567 1561 1697 1608 primae
1720 1563 1756 1594 et
1778 1563 1850 1594 ter-

267 1632 340 1667 tiae
364 1631 561 1680 columnae,
596 1640 686 1675 quae
709 1631 764 1663 est
794 1627 830 1662 in
860 1628 935 1673 ejus
968 1628 1123 1663 secunda
1153 1632 1189 1663 et
1220 1632 1345 1674 quarta
1375 1627 1548 1669 columna,
1585 1638 1648 1672 per
1671 1623 1851 1671 integrum

268 1706 404 1742 semper
429 1704 593 1729 annorum
617 1704 791 1727 numerum
814 1692 907 1727 inter
930 1693 1096 1739 epocham
1121 1692 1281 1728 Tabulae
1306 1696 1342 1727 et
1365 1704 1441 1727 eum
1466 1701 1640 1726 numerum
1661 1688 1762 1731 anni,
1786 1699 1849 1734 pro

269 1772 337 1806 quo
363 1759 512 1794 calculus
535 1757 789 1799 instituendus,
823 1760 878 1791 est
900 1756 1170 1803 multiplicanda.

361 1839 586 1885 Exemplum.
636 1837 824 1880 Quaeritur
838 1838 958 1873 stellae
973 1838 1068 1873 locus
1086 1850 1149 1885 pro
1168 1838 1333 1873 inferiore
1349 1836 1602 1872 Culminatione
1620 1834 1677 1870 die
1694 1834 1750 1868 20.
1767 1832 1852 1869 Julii

271 1904 362 1940 1826
385 1904 423 1939 in
445 1903 635 1939 meridiano
659 1902 946 1947 Regiomontano.

537 1966 623 2002 Dies
646 1966 811 2017 reductus
827 1991 1231 2003 ..................
1246 1966 1336 2001 1826
1361 1966 1429 2001 Jul.
1454 1966 1509 2007 19,
1512 1962 1578 1997 551

538 2030 554 2064 i
573 2055 1371 2067 ...................................
1399 2038 1435 2071 -4-
1478 2030 1509 2072 1,
1511 2028 1580 2062 500

539 2107 784 2169 Argumentum
808 2122 969 2158 Tabulae
992 2147 1232 2157 ...........
1249 2122 1339 2157 1826
1361 2125 1427 2160 Jul.
1451 2124 1578 2168 21,051

267 2322 359 2358 Tab.
382 2321 493 2367 prima
515 2318 716 2366 suppeditat
734 2342 996 2352 ............
1044 2293 1068 2351 ὅ
1091 2297 1136 2352 5ὲ
1160 2300 1265 2361 4ἑ’,21
1327 2299 1373 2353 8‘2’3
1386 2298 1432 2355 2'2
1445 2303 1547 2363 55''‚35

289 2407 336 2413 —
382 2384 533 2419 secunda
557 2394 620 2430 pro
647 2382 738 2416 1820
759 2406 997 2416 ...........

289 2470 336 2476 -
428 2468 475 2475 -
561 2448 646 2482 Ver,
670 2457 733 2492 pro
758 2445 780 2479 6
805 2446 901 2481 annis
920 2469 928 2479 .
942 2471 950 2479 .
965 2471 973 2479 .
988 2471 996 2479 .

267 2511 582 2555 <9÷sz==993
595 2535 996 2545 ..................

326 2584 348 2614 ὶ
433 2573 583 2609 =859
597 2599 996 2610 ..................

267 2671 380 2707 Locus
404 2679 574 2716 apparens
593 2691 995 2703 ..................
1042 2667 1065 2699 0
1089 2665 1134 2700 59
1181 2664 1262 2709 3‚35
1328 2661 1548 2707 882246,99

793 2830 834 2870 3.
894 2827 920 2868 ὃ
963 2826 1100 2870 Ursae
1129 2831 1315 2870 minoris.

358 2921 505 2956 Praeter
544 2919 689 2956 medium
723 2919 835 2953 locum
864 2928 929 2964 pro
964 2929 1053 2952 anno
1090 2916 1197 2961 1755,
1243 2914 1425 2952 deductum
1462 2926 1506 2950 ex
1543 2914 1845 2951 observationibus

265 2980 516 3030 Bradl'qjania,
551 2996 671 3032 nempe

644 3063 668 3085 α
691 3067 750 3081 =
772 3046 860 3082 282⁰
871 3044 1039 3089 39'4'',4;
1087 3045 1110 3082 ὃ
1132 3064 1191 3079 =
1213 3043 1457 3086 86030'51'',5
