2034 3600
194 194 272 238 LII

839 409 1078 457 Tabula
1111 409 1272 458 XIII.

687 516 874 554 Reduc-tio
927 516 1236 555 observationum
1279 516 1424 556 Lunae.

362 628 532 671 Quoniam
555 627 744 662 Adscensio
770 629 866 660 recta
889 626 1010 659 Lunae
1034 638 1102 660 non
1126 626 1322 660 immediate
1346 639 1366 660 e
1389 627 1538 661 transitu
1562 627 1673 661 centri
1697 627 1846 662 Lunaris

266 704 328 739 per
358 691 582 727 meridianum
615 691 676 725 sed
711 703 731 723 e
761 689 971 734 temporibus
1004 690 1207 735 appulsuum
1241 689 1342 723 unius
1373 690 1560 725 alteriusve
1591 690 1684 724 limbi
1715 690 1759 724 ad
1789 690 1849 724 fila

266 755 360 792 'rubi
383 755 561 790 meridiani
586 756 810 797 observatur,
845 752 989 798 primum
1025 764 1187 798 quaeram
1211 753 1479 788 Adscensionem
1510 756 1642 808 rectam
1670 769 1694 789 α
1726 754 1848 796 centri,

268 832 358 867 quae
380 821 440 854 uni
463 820 582 853 horum
606 822 867 858 momentorum,
898 828 1019 862 nempe
1051 817 1199 863 tempori
1222 817 1357 851 sidereo
1391 832 1438 863 μ,
1471 809 1628 862 partibus
1661 829 1762 851 arcus
1786 830 1848 852 ex-

267 895 409 930 presso,
440 882 660 928 respondeat.
718 882 810 915 Data
842 885 1099 926 supponunturz
1137 881 1332 915 Declinatio
1365 879 1403 922 ὃ,
1444 880 1562 914 radius
1588 880 1676 915 disci
1700 891 1850 926 geocen-

267 947 377 982 tricus
401 946 444 988 Ιι,
483 946 675 980 Parallaxis
710 945 934 979 horizontalis
969 945 1212 990 aequatorialis
1244 959 1295 986 π,
1333 945 1499 979 Latitudo
1531 945 1753 989 geocentrica
1783 944 1851 978 loci

270 1010 525 1045 observationis
559 1016 596 1056 φ’
629 1010 771 1055 ejusque
806 1010 972 1043 distantia
1003 1021 1023 1043 a
1059 1013 1177 1042 centro
1204 1008 1365 1042 terrestri
1398 1024 1430 1055 ρ.
1501 1008 1723 1043 Instrumenti
1746 1020 1850 1054 porro

271 1075 451 1109 collocatio
476 1075 666 1119 vitiumque
691 1073 931 1107 collimationis
964 1072 1104 1116 cognita
1126 1078 1380 1117 supponuntur,
1419 1077 1540 1117 nempe
1573 1072 1717 1117 angulus
1747 1073 1852 1107 hora-

269 1139 342 1173 rius
367 1142 471 1183 atque
497 1138 662 1172 distantia
687 1138 814 1183 polaris
839 1137 909 1182 poli
934 1137 1110 1170 orientalis
1135 1136 1212 1170 axis
1236 1136 1397 1170 rotatorii
1420 1136 1637 1170 instrumenti
1669 1139 1775 1181 atque
1799 1135 1852 1170 di-

270 1203 402 1236 stantia
428 1202 547 1236 circuli
571 1214 592 1236 a
616 1202 727 1236 medio
753 1202 812 1235 filo
836 1202 872 1235 in
897 1202 1044 1246 sphaera
1068 1200 1211 1234 coelesti
1235 1200 1402 1246 descripti
1427 1201 1471 1235 ab
1497 1201 1563 1234 hoc
1587 1204 1726 1245 puncto.
1776 1200 1852 1234 Has

272 1266 504 1311 quantitates,
528 1269 568 1300 ut
591 1266 632 1299 fit
655 1266 691 1299 in
715 1265 845 1300 usitata
867 1264 1012 1299 formula
1036 1276 1099 1310 pro
1123 1264 1328 1299 reductione
1356 1264 1561 1298 transituum
1592 1265 1853 1298 observatorum

272 1330 317 1363 ad
341 1330 577 1373 meridianum,
612 1341 734 1375 nempe
1005 1358 1007 1361 .

817 1402 852 1425 m
867 1400 903 1432 -ι-
919 1403 943 1425 η
966 1390 1101 1436 Tang&
1117 1398 1153 1431 -Ι-
1170 1403 1188 1424 c
1213 1391 1315 1427 seed

251 1479 254 1482 <
273 1457 417 1502 signabo
443 1468 506 1502 per
604 1476 641 1482 —
652 1456 717 1490 900
732 1476 771 1481 —
786 1466 820 1489 m
832 1480 843 1497 ‚
893 1455 1000 1495 900-1-
1016 1466 1040 1488 n
1053 1479 1064 1496 ,
1113 1455 1177 1487 90⁰
1188 1475 1222 1480 —
1237 1466 1267 1488 c.

368 1520 407 1554 Si
433 1520 594 1565 appulsus
627 1521 833 1554 observatus
867 1523 921 1553 est
951 1519 995 1553 ad
1024 1518 1134 1561 filum,
1172 1519 1268 1563 cujus
1294 1519 1460 1554 distantia
1491 1532 1511 1553 a
1536 1520 1646 1553 medio
1671 1520 1729 1553 filo
1754 1521 1801 1554 sit
1815 1519 1857 1566 f,

273 1583 423 1629 positive
448 1588 601 1629 sumpta,
637 1585 667 1618 si
696 1584 865 1618 transitus
890 1594 951 1628 per
976 1583 1058 1617 illud
1082 1584 1196 1628 prius,
1230 1584 1411 1628 negative,
1443 1583 1474 1617 si
1506 1584 1637 1625 serius,
1669 1593 1771 1628 quam
1794 1595 1857 1629 per

275 1647 421 1682 medium
452 1647 545 1680 filum
580 1648 751 1689 evenerit,
792 1648 977 1681 observata
1007 1647 1175 1681 distantia.
1206 1647 1301 1681 limbi
1334 1647 1481 1691 Lunaris
1514 1648 1558 1681 ab
1590 1648 1750 1682 orientali
1779 1649 1855 1682 axis

275 1711 355 1756 polo
378 1710 447 1745 ‘erit
469 1730 529 1743 =
552 1711 614 1745 900
630 1731 667 1737 —-
684 1722 703 1745 c
717 1711 806 1759 —f,
838 1711 1016 1756 centrique
1039 1730 1100 1742 =
1122 1710 1187 1744 90⁰
1202 1721 1319 1744 —c—
1323 1711 1357 1758 f
1369 1715 1404 1752 ζ
1424 1710 1468 1753 Ιι’,
1492 1704 1555 1745 ubi
1579 1711 1611 1744 h‘
1635 1716 1857 1757 apparentem

277 1774 453 1819 significat
477 1775 631 1818 radium,
666 1776 892 1821 superiusque
925 1776 1059 1819 signum
1084 1786 1146 1820 pro
1180 1775 1432 1820 praecedente,
1466 1775 1613 1809 inferius
1650 1780 1765 1810 autem
1793 1787 1856 1822 pro

277 1838 435 1884 sequenti
459 1839 562 1873 limbo
586 1839 690 1873 valet.
739 1839 837 1872 Haec
862 1838 1031 1875 distantia
1054 1839 1145 1872 latus
1171 1839 1238 1873 erit
1262 1839 1425 1889 trianguli
1450 1840 1644 1885 sphaerici,
1669 1841 1766 1884 cujus
1789 1839 1857 1873 duo

277 1903 410 1947 reliqua
434 1903 563 1944 latera,
599 1908 635 1937 et
665 1903 830 1937 distantia
862 1903 932 1948 poli
966 1904 1041 1937 axis
1071 1903 1291 1937 instrumenti
1322 1906 1358 1936 et
1384 1903 1558 1937 distantia.
1575 1904 1695 1938 Lunae
1733 1916 1754 1938 a
1778 1904 1857 1950 polo

278 1966 421 2000 coelesti
453 1967 516 2000 900
530 1974 565 2006 4-
580 1977 623 2008 η,
663 1967 728 2000 900
742 1987 780 1992 -
792 1966 836 2008 δ’,
876 1967 1038 2011 angulum
1071 1966 1364 2012 comprehendunt
1394 1966 1458 2000 900
1471 1974 1506 2007 ÷
1521 1977 1556 2000 m
1569 1974 1605 2007 -ξ-
1620 1984 1649 2015 μ
1660 1987 1698 1993 —-
1711 1974 1757 2009 α’,
1781 1977 1784 1987 ¹
1799 1967 1860 2002 ubi

278 2035 313 2064 α’
338 2033 374 2063 et
398 2028 431 2064 δ’
455 2030 654 2073 significant
678 2034 901 2076 apparentem
925 2031 1043 2064 Lunae
1067 2030 1337 2064 Adscensionem
1360 2033 1491 2064 rectam
1516 2035 1551 2064 et
1575 2031 1861 2068 Declinationem.
1924 2056 1931 2059 ν

276 2093 390 2138 Igitur
413 2094 576 2127 habemus

375 2157 437 2191 Sin
450 2156 600 2203 (04fss
610 2156 663 2202 Iz')
689 2177 748 2189 =
774 2177 812 2183 —
829 2158 922 2192 Sinn
939 2155 1091 2193 Sina'-
1103 2158 1209 2192 Cosn
1228 2158 1298 2192 Cos
1309 2157 1341 2194 δ’
1355 2158 1656 2205 8ἰιι(ηι-ῐ-μ-α’)

686 2241 745 2253 =
772 2241 810 2248 —-
828 2223 922 2256 Sinn
940 2248 948 2256 .
970 2221 1077 2257 Sina*

774 2305 812 2311 -
829 2286 930 2319 coen
948 2286 1055 2320 Sinm
1071 2311 1080 2320 .
1097 2286 1167 2320 Cos
1177 2285 1211 2322 δ’
1227 2286 1298 2320 Cos
1308 2286 1455 2333 (μ--α’)
1505 2315 1508 2318 .

776 2369 813 2375 -
831 2349 931 2383 Cosn
951 2349 1021 2383 Cos
1033 2360 1066 2383 m
1078 2376 1085 2383 .
1102 2350 1172 2384 Cos
1182 2350 1214 2386 δ’
1231 2351 1293 2384 Sin
1305 2351 1453 2396 (ιι-α’)

375 2411 475 2445 Haec
500 2413 661 2456 aequatio
687 2424 789 2457 quum
817 2414 923 2447 fuerit
946 2415 1172 2460 multiplicata
1205 2426 1268 2460 per
1298 2415 1497 2449 distantiam
1524 2415 1641 2448 Lunae
1670 2414 1714 2448 ab
1739 2415 1859 2449 obser-

285 2477 407 2509 vatore
430 2495 489 2507 =
513 2480 566 2517 Δ,
607 2478 840 2520 quantitates,
873 2490 963 2522 quae
996 2479 1040 2512 ab
1075 2483 1264 2524 apparente
1293 2479 1412 2512 Lunae
1434 2478 1511 2512 loco
1542 2478 1759 2524 dependent,
1797 2491 1861 2525 per

283 2537 394 2573 locum
419 2540 676 2584 geocentricum
700 2544 863 2586 poterunt
887 2542 1052 2587 exprimi,
1082 2542 1174 2588 quod
1197 2542 1240 2577 fit
1261 2554 1325 2588 per
1348 2543 1498 2577 usitatas
1521 2543 1702 2578 formulas:

333 2603 438 2639 ACos
450 2602 482 2638 δ’
496 2604 716 2650 Οοε(μ-α’)
740 2623 799 2636 =
823 2604 925 2641 Cos&
940 2605 1156 2653 CosQa—a)
1171 2627 1209 2633 —
1221 2622 1242 2653 ρ
1259 2607 1362 2643 Sina
1378 2606 1447 2642 Cos
1459 2612 1495 2654 φ’
1652 2594 1654 2597 ⁴

334 2667 439 2704 Aeon
450 2666 482 2703 δ’
495 2667 558 2702 Sin
568 2668 716 2714 (μ-α’)
741 2687 800 2701 =
823 2669 926 2706 Cosa
941 2670 1005 2705 Sin
1020 2671 1157 2717 (μ-α)

341 2732 346 2736 ’
557 2730 714 2768 Δὸἰηδ’
737 2751 796 2765 =
820 2732 1109 2780 Sina-osma
1129 2735 1238 2783 Simp'

556 2799 591 2832 Δ
609 2796 672 2830 Sin
682 2794 716 2828 71!
739 2815 799 2828 =
822 2796 919 2831 Sinlz

557 2863 591 2895 Δ
609 2858 714 2894 ΟοεῘι’
737 2879 796 2892 =
810 2860 974 2907 fleosm
985 2863 1071 2909 —29
1080 2862 1278 2909 SinnjSinff
1287 2861 1520 2911 Sincp÷Cos3
1528 2862 1625 2910 Coscp
1633 2862 1860 2909 CosQu—an

1102 2935 1139 2967 -ξ-
1156 2943 1199 2974 ρρ
1216 2928 1333 2963 Sinw²
1348 2931 1355 2972 ξ

380 2978 439 3019 Ex
463 2997 530 3031 quo
554 2991 716 3034 apparet,
756 2989 786 3022 si
810 2989 1033 3035 problematis
1066 2991 1190 3025 solutio
1216 3002 1342 3025 summo
1366 2990 1484 3036 rigore
1507 2993 1709 3041 quaeratur,
1739 2989 1861 3025 inven-

288 3048 417 3082 tionem
440 3049 548 3096 ipsius
573 3065 596 3086 α
621 3063 642 3086 a
666 3052 837 3087 solutione
860 3054 1076 3098 aequationis
1100 3055 1216 3100 quarti
1240 3055 1367 3100 gradus
1391 3054 1552 3100 pendere.
1609 3054 1680 3089 Sed
1703 3054 1862 3100 quoniam
