2034 3600
175 182 278 225 LIV

175 361 180 367 ⁸
239 363 357 398 ultimo
371 362 542 405 membro,
567 365 701 408 tempus
719 358 983 395 Culminationis
1001 358 1068 393 hoc
1083 358 1184 394 modo
1201 359 1377 395 inventum
1396 358 1664 394 Adscensionem
1686 362 1819 394 rectam

232 430 308 463 'non
330 439 392 474 pro
416 427 493 473 ipso
518 424 779 461 culminationis
801 426 972 459 momento
998 422 1061 458 sed
1090 435 1154 470 pro
1178 426 1347 458 momento
1381 423 1551 458 transitus
1581 434 1645 469 per
1675 422 1820 457 medium

239 492 333 528 filum
357 491 564 539 suppeditat.
613 490 706 525 Tum
728 488 853 534 igitur,
877 490 917 522 ut
939 487 1096 523 reductio
1120 487 1185 523 fiat
1208 488 1253 522 ad
1276 487 1517 530 meridianum,
1547 486 1725 533 expressio

500 581 616 630 fF÷
635 565 754 651 (1-ρ
773 551 1004 645 δίηπὲΞ-ᾳὸζ
1048 581 1173 626 (m÷n
1185 578 1540 625 Tang3'4cSecB')

240 680 295 712 est
318 675 530 718 adhibenda,
563 674 599 708 in
617 685 686 720 qua
709 673 848 707 ultimus
866 672 1039 707 ¹terminus
1062 675 1196 707 tantum
1224 671 1260 705 in
1282 670 1350 705 hoc
1373 670 1551 718 discrepat
1574 683 1596 707 a
1618 671 1822 706 reductione

239 751 302 786 pro
326 739 435 773 stellis
460 738 540 773 fixis
566 737 779 780 adhibenda,
815 736 909 781 quod
932 736 968 770 in
990 735 1197 771 fractionem
1219 734 1463 780 multiplicatus
1487 739 1563 778 est,
1601 735 1699 781 cujus
1723 735 1824 770 mini-
1871 737 1878 776 ᾗ

239 815 314 838 mus
343 803 441 838 valor
474 806 537 859 ss'
578 812 641 846 pro
673 799 822 845 speculis
852 800 1048 846 Europaeis
1086 803 1134 856 ᾗ)
1167 799 1211 833 ab
1235 798 1372 833 unitate
1396 798 1552 833 diversus
1586 811 1664 834 esse
1693 803 1823 845 potest.

241 868 352 909 Quam
387 867 432 901 ob
466 877 624 901 caussam
656 865 803 907 fractio,
834 876 935 910 quum
969 870 1042 904 m‚·
1061 873 1106 904 n,
1141 873 1161 897 c
1191 862 1296 908 vulgo
1325 860 1485 907 exiguum
1508 862 1638 897 habent
1660 863 1824 905 valorem,

240 943 316 966 cum
339 931 473 966 unitate
496 929 626 976 poterit
649 928 860 964 commutari.

333 995 383 1029 Ut
415 994 551 1029 facilius
581 993 749 1028 reddatur
780 991 928 1027 calculus
960 989 1106 1025 factoris
1138 988 1191 1033 F,
1232 989 1268 1024 in
1301 990 1439 1025 Tabula
1468 990 1552 1025 XIII
1585 989 1825 1035 logarithmum

239 1059 368 1106 protuli
396 1057 601 1105 quantitatis
636 1057 704 1091 1-
720 1072 740 1104 ρ
763 1056 866 1092 Sina
896 1055 967 1090 Cos
976 1056 1080 1101 (φ’-
1095 1052 1135 1100 ὃ)
1179 1054 1243 1088 sub
1273 1058 1357 1088 nota
1390 1053 1471 1088 LA
1505 1066 1581 1089 cum
1614 1055 1825 1100 Argumento

240 1124 317 1169 Log
331 1124 371 1170 (ρ
387 1123 489 1158 Sina
504 1122 573 1157 Cos
583 1120 760 1170 (φ’-ὣ),
791 1120 1141 1166 complementumque
1164 1117 1364 1164 legarithmi
1386 1117 1496 1164 ipsius
1530 1115 1549 1152 1
1565 1119 1636 1155 -λ
1670 1121 1826 1153 notatum

239 1199 303 1234 per
328 1185 423 1229 LB,
465 1187 563 1232 cujus
592 1186 855 1230 Argumentum,
899 1195 1020 1230 nempe
1050 1182 1200 1217 variatio
1234 1181 1483 1216 Adscensionis
1513 1186 1634 1218 rectae
1664 1183 1708 1216 12
1731 1182 1826 1218 horis

240 1250 344 1286 medii
366 1250 532 1297 temporis
558 1253 594 1285 et
616 1249 756 1284 minutis
779 1248 899 1295 primis
923 1246 1116 1282 arcualibus
1142 1257 1342 1292 expressum
1365 1249 1431 1281 est.
1480 1246 1593 1288 Quem
1615 1249 1742 1281 motum
1762 1258 1826 1293 pro

242 1314 423 1349 duodecim
446 1315 541 1348 horis
576 1325 680 1360 quum
703 1309 954 1359 Ephemerides
985 1310 1066 1345 inde
1097 1322 1118 1345 a
1142 1310 1286 1345 meridie
1309 1321 1416 1356 usque
1439 1309 1484 1345 ad
1506 1310 1653 1344 mediam
1675 1313 1825 1352 noctem,

217 1411 221 1415 ,
242 1382 278 1413 et
302 1390 323 1412 a
345 1378 459 1412 media
482 1380 584 1412 nocte
608 1388 718 1422 usque
750 1377 795 1411 ad
820 1375 1060 1411 succedentem
1091 1374 1269 1409 meridiem
1299 1374 1539 1419 suppeditent,
1573 1378 1828 1409 momentaneus

241 1445 352 1477 motus
376 1453 440 1487 pro
465 1446 621 1487 tempore
646 1439 902 1475 observationis
925 1438 1168 1484 interpolando
1194 1437 1347 1472 derivari
1369 1437 1500 1483 poterit
1519 1437 1564 1482 *).
1614 1437 1749 1479 Quodsi
1772 1437 1828 1472 hic

241 1506 458 1541 intervallum
483 1505 526 1539 12
549 1505 711 1540 horarum
734 1516 797 1551 pro
822 1503 990 1550 temporis
1014 1502 1151 1536 unitate
1179 1513 1409 1545 assumamus,
1440 1500 1478 1535 id
1508 1500 1602 1548 quod
1626 1500 1829 1536 commodis-

243 1570 362 1605 simum
378 1569 460 1612 erit,
484 1574 665 1615 motusque
684 1569 729 1604 ad
748 1569 839 1603 hanc
860 1568 1027 1602 unitatem
1047 1566 1178 1600 relatus
1199 1563 1418 1618 significetur
1436 1575 1498 1611 per
1522 1569 1600 1609 Δα,
1624 1565 1828 1601 habebimus

786 1610 796 1632 ‘
844 1625 849 1632 '
930 1635 989 1667 Δα
1206 1633 1275 1665 Aa

718 1663 738 1698 λ
764 1677 1160 1732 Ξῖεῖῗῑὲᾙῗῖε
1185 1688 1299 1722 10830

245 1766 329 1801 ergo
353 1755 529 1801 quantitas
553 1753 605 1797 B,
641 1755 738 1800 cujus
763 1754 989 1800 logarithmus
1013 1753 1153 1788 Tabula
1178 1751 1391 1793 continetur,
1429 1751 1497 1785 erit

980 1817 1094 1863 10830

926 1876 1081 1911 10830-
1092 1880 1150 1912 Δα

340 1947 418 1993 Ope
441 1946 541 1991 hujus
565 1946 722 1980 Tabulae
745 1946 946 1980 habebimus

626 2009 747 2054 LogF
766 2029 825 2042 =
848 2010 963 2056 LogA
983 2017 1019 2050 ÷
1037 2007 1154 2054 LogB
1178 2014 1213 2048 -1-
1235 2008 1322 2052 Log.
1338 2008 1407 2041 Sec
1419 2006 1452 2042 ὃ.

246 2075 429 2109 Caeterum
452 2074 598 2108 factoris
621 2073 659 2107 F
679 2074 889 2120 computatio
914 2073 1089 2120 superflua
1113 2075 1186 2113 est,
1218 2070 1247 2105 si
1271 2071 1370 2105 Luna
1395 2070 1440 2104 ad
1465 2069 1577 2104 omnia
1609 2070 1671 2104 fila
1702 2071 1832 2104 instru-

245 2138 351 2173 menti
381 2138 586 2180 observata,
622 2142 755 2184 tempus
786 2139 953 2173 transitus
984 2148 1047 2184 per
1077 2136 1225 2171 medium
1257 2135 1372 2177 filum,
1415 2146 1458 2169 ex
1500 2134 1654 2168 omnibus
1686 2134 1833 2169 omnium

245 2202 380 2237 filorum
403 2203 607 2238 transitibus
633 2203 813 2237 collectum
834 2202 1059 2252 sciscitemur.
1107 2200 1194 2235 Illud
1219 2200 1308 2234 enim
1331 2203 1464 2245 tempus
1485 2199 1687 2241 habebitur,
1712 2199 1742 2232 si
1761 2211 1833 2233 me-

248 2266 304 2303 dio
330 2266 566 2311 arithmetico,
599 2267 691 2312 quod
722 2279 766 2301 ex
797 2266 954 2301 omnibus
987 2265 1199 2312 temporibus
1231 2263 1426 2299 observatis
1451 2263 1631 2298 collectum
1660 2262 1724 2305 sit,
1754 2274 1834 2298 cor-

246 2330 357 2365 rectio
383 2330 549 2373 addatur,
583 2343 672 2377 quae
697 2331 741 2365 ab
765 2331 1014 2376 inaequalitate
1038 2329 1280 2365 distantiarum
1303 2328 1438 2363 filorum
1462 2328 1605 2362 oriatur.
1665 2328 1720 2362 Ea
1744 2339 1832 2362 sem-

247 2405 310 2441 per
335 2394 476 2440 cognita
500 2395 568 2429 erit
592 2396 785 2441 exiguaque
809 2399 864 2430 est
886 2406 968 2442 pars
993 2393 1176 2441 temporis,
1201 2393 1293 2440 quod
1311 2391 1603 2442 Lunassconsumit
1620 2390 1832 2426 transeundo

248 2459 293 2493 ab
318 2470 385 2493 nno
410 2462 564 2493 extremo
589 2459 647 2494 filo
673 2459 719 2494 ad
742 2459 886 2494 alterurn
910 2462 1109 2494 extremum.

342 2522 540 2563 Quasi-atur
563 2523 759 2558 Declinatio
783 2534 847 2569 pro
872 2523 993 2566 eodem
1017 2527 1188 2569 tempore,
1232 2532 1295 2568 pro
1327 2531 1394 2566 quo
1424 2521 1497 2565 jam
1529 2518 1758 2553 determinata
1787 2518 1835 2553 sit

249 2585 438 2621 Adscensio
458 2590 572 2622 recta.
620 2587 659 2621 Si
683 2599 768 2621 unus
793 2587 926 2621 alterve
949 2587 1072 2622 limbus
1090 2587 1211 2621 Lunae
1234 2584 1279 2620 ad
1302 2584 1413 2626 filum,
1438 2582 1530 2629 quod
1550 2582 1596 2617 sit
1615 2580 1834 2617 instrumenti

251 2651 308 2685 axi
329 2650 547 2697 parallelum,
570 2653 725 2697 tempore
750 2650 885 2685 sidereo
915 2665 945 2698 μ
977 2652 1182 2686 observatus
1214 2649 1298 2691 erit,
1329 2646 1671 2692 Declinationemque
1695 2657 1772 2680 esse
1796 2644 1831 2689 δ,

248 2715 510 2750 instrumentum
533 2714 751 2757 indicaverit,
775 2714 841 2750 duo
867 2718 948 2750 sunt
971 2715 1016 2750 ad
1039 2713 1279 2750 inveniendum
1304 2712 1327 2747 ὃ
1349 2710 1532 2758 sphaerica
1554 2709 1729 2755 triangula
1748 2720 1833 2743 con-

250 2778 454 2822 sideranda,
486 2790 627 2825 quorum
640 2821 642 2824 r
657 2779 801 2814 alterum
834 2778 905 2814 aPl
934 2779 1046 2825 polum
1071 2779 1164 2821 axis,
1201 2777 1314 2824 polum
1336 2775 1454 2811 mundi
1478 2777 1514 2809 et
1538 2777 1691 2809 centrum
1713 2774 1833 2808 Lunae

251 2846 452 2886 connectat,
477 2843 619 2879 alterum
642 2844 705 2878 lal'
728 2846 883 2878 centrum
901 2843 1037 2897 Lunae,
1061 2843 1176 2889 polum
1199 2841 1274 2877 axis
1293 2844 1330 2876 et
1353 2842 1514 2887 punctum
1540 2837 1624 2872 illud
1650 2835 1746 2871 limbi
1762 2836 1833 2871 Lu-
1855 2890 1861 2897 ‚

253 2908 335 2945 ΜΒ,
359 2907 453 2949 quod
475 2908 573 2940 mum»
591 2912 732 2954 tangat,
762 2907 915 2943 vicissim
939 2909 1137 2953 conjungat.
1203 2906 1245 2941 In
1275 2904 1384 2952 primo
1417 2902 1591 2948 triangulo
1627 2900 1769 2945 angulus
1799 2898 1836 2934 P

223 2968 228 2973 q
254 2968 322 3002 ⁰¹*st
343 2975 403 3000 -—.‘-
425 2968 490 3005 909
503 2976 539 3011 ’1-
555 2977 640 3015 ''bl-
654 2984 794 3018 μ’·-α,
825 2973 915 3014 ,latus
939 2969 995 3015 Pa
1010 2987 1069 3004 =
1086 2973 1255 3014 900÷n,
1289 2970 1380 3006 latus
1403 2979 1487 3004 vero
1511 2965 1559 3000 Pl
1572 2983 1631 2998 =
1646 2962 1832 3006 900—3'3

302 3052 329 3089 ¹³)
351 3054 571 3094 Schamacher,
596 3054 842 3086 Astronomische
866 3054 1083 3086 Nachrichten.
1122 3056 1179 3086 Nr.
1202 3057 1246 3086 33.
