2034 3600
177 130 340 177 XXIV

413 747 825 819 Ewplicatio
879 754 950 799 ec
994 763 1151 800 usus
1216 744 1658 801 Tabularum.

805 969 1026 1018 Tabulae
1058 970 1083 1020 1
1126 950 1176 1018 a<
1210 969 1271 1018 11.

660 1073 849 1113 Reductio
889 1074 969 1113 diei
1002 1074 1058 1112 ad
1091 1086 1235 1112 annum
1266 1073 1423 1122 fictum.

342 1196 587 1241 Argumentum
611 1195 758 1229 omnium
780 1194 884 1241 hujus
910 1195 1025 1241 operis
1050 1194 1283 1237 Tabularum,
1308 1205 1398 1240 quae
1416 1193 1629 1241 quantitates
1654 1193 1834 1229 continent

247 1269 269 1292 a
291 1260 447 1304 tempore
470 1259 672 1304 pendentes,
697 1258 806 1293 series
830 1261 886 1293 est
908 1258 1040 1299 dierum
1064 1259 1144 1293 anni
1167 1258 1256 1301 ficti,
1283 1258 1480 1304 incipientis
1505 1269 1545 1292 eo
1570 1258 1736 1303 temporis
1759 1269 1833 1292 mo-

246 1324 373 1364 mento,
398 1333 465 1367 quo
487 1323 533 1356 sit
549 1322 663 1357 media
679 1321 874 1367 Longitudo
889 1321 1199 1356 Solaris=2800.
1238 1322 1358 1363 Quare
1376 1320 1537 1356 Tabulae
1554 1321 1621 1356 hae
1629 1321 1834 1357 'immediate

226 1406 231 1410 ·
250 1385 362 1419 locum
378 1385 559 1430 habebunt·
578 1386 615 1419 in
636 1386 680 1420 iis
705 1388 822 1419 terrae
845 1385 1064 1426 meridianis,
1095 1396 1159 1430 pro
1192 1383 1318 1429 quibus
1349 1384 1482 1429 epocha
1504 1384 1640 1419 mediae
1661 1385 1833 1430 Longitu-

248 1448 337 1482 dinis
362 1447 496 1482 Solaris
530 1449 576 1483 sit
598 1468 658 1481 -ἶ
679 1449 788 1490 2800,
838 1447 901 1482 sed
924 1448 1005 1493 quia
1037 1447 1098 1482 Sol
1126 1447 1386 1481 conversionem
1416 1458 1563 1482 annuam
1596 1459 1664 1483 non
1695 1449 1833 1494 integro

247 1512 381 1547 dierum
404 1523 544 1554 numero
569 1512 728 1556 conficit,
752 1511 913 1548 Tabulae
936 1511 1004 1547 alio
1029 1522 1167 1558 quoque
1191 1522 1278 1547 anno
1296 1522 1367 1558 apro
1391 1510 1458 1547 alio
1482 1512 1672 1547 meridiano
1695 1511 1835 1547 valeant

249 1588 392 1611 necesse
416 1579 483 1611 est.
1724 1568 1726 1570 Ι

343 1639 384 1674 Si
407 1639 605 1676 differentia
628 1641 731 1686 hujus
762 1639 944 1676 meridiani
961 1651 989 1693 ¹a
1011 1638 1204 1674 Parisiensi
1236 1642 1392 1685 tempore
1422 1629 1566 1682 metitaJ
1613 1640 1834 1687 positiveque

250 1706 362 1740 sumta
386 1703 556 1739 adversus
580 1706 747 1740 orientem
770 1704 988 1749 significatur
1010 1715 1074 1750 per
1096 1701 1139 1746 k,
1189 1703 1389 1738 differentia
1411 1704 1593 1738 meridiani
1614 1704 1683 1739 loci
1706 1708 1835 1748 terrae,

246 1767 369 1803 itidem
382 1780 403 1803 a
415 1768 605 1803 meridiano
618 1769 807 1804 Parisiensi
818 1770 1010 1809 numerata,
1035 1767 1097 1802 sed
1112 1767 1279 1803 adversus
1293 1767 1506 1802 occidentem
1518 1768 1671 1813 positive
1686 1772 1834 1815 sumpta,

249 1833 390 1866 notatur
413 1844 477 1878 per
501 1831 544 1875 d,
569 1832 673 1878 hujus
696 1833 765 1867 loci
787 1832 955 1879 tempori,
978 1843 1042 1877 pro
1067 1843 1135 1876 quo
1161 1824 1380 1877 quantitates·
1401 1831 1549 1865 Tabulis
1575 1836 1758 1867 contentae
1781 1833 1836 1867 in-

249 1896 441 1931 veniendae
464 1900 554 1939 sunt,
577 1898 779 1943 priusquam
803 1907 879 1931 cum
902 1897 979 1942 ipso
1003 1896 1039 1930 in
1057 1895 1214 1930 Tabulas
1238 1895 1447 1936 introeatur,
1472 1895 1633 1930 addenda
1650 1894 1788 1945 esth—ff·
1803 1896 1836 1930 d.

249 1959 369 2002 Diem,
392 1960 459 1995 hoc
483 1960 602 1997 addito
626 1972 766 2003 numero
789 1960 970 1996 reductum
993 1959 1039 1995 ad
1062 1970 1185 1995 annum
1209 1959 1341 2002 fictum,
1377 1957 1486 1994 Diem
1509 1959 1693 1994 reductum
1717 1961 1837 2006 appel-

249 2023 324 2059 lare
348 2024 477 2071 placet.

344 2089 463 2124 Prima
487 2088 628 2124 Tabula
650 2088 805 2123 continet
827 2088 1053 2134 quantitatem
1075 2085 1099 2121 le
1122 2099 1186 2133 pro
1211 2098 1349 2133 quoque
1373 2098 1460 2122 anno
1486 2087 1530 2122 ab
1556 2099 1644 2121 anno
1667 2088 1757 2123 1750
1777 2087 1838 2123 u's-

252 2163 320 2199 que
351 2152 398 2187 ad
429 2164 553 2188 annum
580 2151 688 2195 1850,
723 2164 791 2188 non
814 2152 923 2187 soium
954 2151 1069 2194 horis,
1109 2151 1248 2186 minutis
1273 2155 1309 2186 et
1332 2151 1471 2186 minutis
1505 2152 1684 2195 secundis,
1718 2165 1837 2188 verum

253 2219 359 2251 etiam
381 2217 568 2251 millesimis
593 2215 751 2261 partibus
775 2215 845 2250 diei
868 2227 1079 2264 expressam.
1126 2215 1227 2250 Haec
1251 2215 1392 2250 Tabula
1417 2219 1620 2250 constructa
1643 2221 1697 2251 est
1713 2229 1836 2251 secun-

254 2280 334 2314 dum
366 2291 409 2314 ea
443 2279 537 2314 Solis
569 2280 755 2321 elementa,
797 2291 887 2325 quae
920 2291 964 2314 ex
988 2279 1167 2314 annalibus
1200 2279 1373 2325 quondam
1397 2279 1676 2314 observationum
1699 2280 1790 2315 Solis
1815 2293 1837 2315 a

252 2342 426 2389 Bradlqjo
451 2347 487 2378 et
510 2355 531 2379 a
553 2354 607 2377 me
629 2344 706 2390 ipso
729 2343 967 2378 institutarum
988 2343 1147 2379 derivavi
1157 2343 1213 2387 *),
1238 2354 1396 2390 quaeque
1419 2343 1598 2390 Epocham
1615 2344 1838 2391 suppeditant

253 2407 388 2443 mediae
410 2406 653 2452 Longitudinis
677 2418 742 2453 pro
766 2418 854 2441 anno
882 2406 972 2440 1800
988 2414 1024 2447 -ι-
1042 2412 1058 2442 t
1081 2411 1117 2442 et
1139 2419 1203 2454 pro
1227 2407 1417 2443 meridiano
1441 2407 1633 2442 Parisiensi

473 2470 511 2506 E
520 2471 677 2506 =279⁰
688 2469 745 2505 54'
759 2469 855 2514 1⁰,36
871 2477 907 2512 »ι-
924 2475 941 2504 t
953 2497 961 2505 .
973 2470 1190 2514 27¹¹‚6o5844
1205 2478 1241 2514 -ι-
1259 2475 1292 2506 tt
1303 2496 1311 2506 .
1323 2470 1609 2513 0⁶‚0001221805

871 2533 951 2582 —f
959 2559 968 2569 .
983 2534 1037 2568 14*
1050 2534 1194 2578 47¹'‚083
1661 2577 1663 2580 y

255 2598 316 2634 ubi
331 2598 366 2647 f
376 2609 447 2645 -pro
472 2609 560 2633 anno
585 2598 733 2644 quoda-m
758 2598 881 2634 decimi
910 2598 991 2633 noni
1016 2599 1147 2634 saeculi
1170 2602 1227 2634 est
1248 2599 1422 2635 residuum
1444 2610 1485 2642 r,
1521 2599 1615 2646 quod
1637 2602 1769 2642 restat,
1806 2600 1838 2635 si

255 2673 416 2698 numerus
450 2673 614 2698 annorum
646 2661 821 2697 dividatur
852 2673 916 2709 per
947 2662 989 2706 4,
1036 2675 1100 2711 pro
1132 2674 1222 2700 anno
1253 2666 1367 2700 autem
1401 2662 1524 2700 decimi
1557 2664 1674 2700 octavi
1706 2663 1838 2699 saeculi

256 2743 315 2761 ===
337 2737 359 2762 r
372 2746 410 2753 ·-
426 2725 461 2761 4·

351 2789 436 2825 Inde
458 2790 650 2837 reperietur
674 2788 696 2824 k
721 2791 904 2826 secundum
927 2790 1125 2826 formulam=

796 2881 820 2917 k
841 2902 899 2907 „—
1017 2853 1202 2888 E-2800

924 2902 1297 2953 mm

308 2991 333 3031 *)
358 2996 577 3034 Schamacher,
610 2996 856 3027 Astronomische
881 2996 1099 3028 Nachrichten.
1155 2997 1214 3029 Nr.
1237 2998 1298 3028 13³.
