2034 3600
188 327 411 370 praeceptum
442 325 514 359 tam
542 322 602 358 diu
634 322 861 365 observatur,
893 321 1005 357 donec
1035 332 1196 371 crescens
1229 320 1321 356 Solis
1353 320 1544 357 Adscensio
1574 324 1674 356 recta
1697 321 1769 356 Ad-

188 387 403 422 sceusionem
427 387 549 422 stellae
570 386 771 432 transgredi
794 385 927 432 coepit,
958 397 1025 432 quo
1049 386 1110 430 fit,
1150 390 1189 420 ut
1213 385 1407 420 culminatio
1438 385 1556 420 stellae
1581 385 1672 419 Solis
1697 386 1769 420 cul-

188 451 407 485 minationem
430 451 710 496 antegrediatur,
744 461 828 495 ergo
853 454 1017 485 consueta
1041 450 1114 485 dies
1138 449 1339 484 numerandi
1369 449 1461 484 ratio
1491 460 1514 484 a
1536 448 1687 484 tabulari
1711 460 1770 483 ra-

188 514 283 550 tione
314 514 514 549 numerandi
545 526 612 549 uno
644 514 701 549 die
733 513 887 549 recedat.
946 513 1080 555 Quibus
1113 513 1268 549 omnibus
1297 513 1334 547 in
1363 525 1466 548 unum
1497 513 1650 547 collectis
1684 513 1770 547 haec

188 578 316 612 evadet
338 578 458 623 regula
481 579 525 614 ad
548 578 763 614 formandum
786 580 1050 624 Argumentum,
1084 589 1228 624 quocum
1260 576 1522 622 ingrediendum
1554 577 1601 611 sit
1634 576 1670 610 in
1694 576 1770 611 Ta-

186 633 316 684 bulam,
357 645 396 676 ut
418 647 481 689 pro
505 643 587 678 dato
612 643 669 678 die
692 642 842 678 inveniri
863 642 976 689 possit
1010 642 1131 678 stellae
1160 642 1256 678 locus
1289 653 1481 689 apparens,
1520 641 1579 687 qui
1601 640 1771 687 superiori

187 707 262 751 ejus
286 706 529 741 Culminationi
552 707 780 753 respondeat:

457 769 549 817 Arg.
573 790 633 803 =
655 769 744 805 Diei
764 770 909 804 reducto
937 770 1006 811 ÷i

186 834 247 870 ubi
269 833 285 868 s·
307 834 484 881 siguificat
567 857 571 861 -

390 899 433 945 a)
481 909 545 945 pro
569 897 692 941 stella,
726 898 825 944 cujus
846 896 925 932 AR.
950 895 997 941 =>=
1024 894 1175 939 1811401,

456 963 481 995 Ο
506 988 513 995 .
529 988 538 998 .
553 987 561 996 .
587 962 632 996 ab
663 961 763 996 initio
794 961 875 996 anni
910 972 1018 1007 usque
1053 961 1098 995 ad
1127 964 1262 1007 tempus
1293 961 1353 996 ubi
1386 961 1486 1000 AB&
1509 981 1568 995 ς

591 1011 669 1059 AR.
695 1024 835 1067 stellae,
869 1028 995 1071 postea
1018 1036 1102 1060 vero
1131 1031 1167 1066 -1-
1195 1024 1225 1059 1.

389 1089 428 1134 b)
477 1101 540 1136 pro
565 1089 686 1132 stella,
722 1089 820 1134 cujus
850 1087 928 1123 AR.
954 1090 999 1122 <
1025 1086 1177 1132 18¹14o²‚

460 1161 496 1194 -ι-
514 1154 533 1187 1
555 1180 564 1188 .
578 1179 587 1187 .
600 1179 609 1187 .
624 1154 669 1188 ab
692 1153 792 1201 initio
816 1153 897 1188 anni
920 1164 1029 1199 usque
1053 1154 1098 1188 ad
1120 1157 1256 1200 tempus
1286 1153 1347 1188 ubi
1380 1152 1481 1193 AR&
1507 1172 1566 1185 =

590 1216 670 1252 AR.
695 1217 835 1260 stellae,
867 1221 992 1264 postea
1014 1229 1100 1252 vero
1129 1225 1166 1259 -ι-
1193 1218 1226 1254 2.

273 1281 382 1324 Dies,
409 1293 476 1328 quo
493 1282 553 1317 Sol
569 1282 839 1317 Adscensionem
861 1285 994 1317 rectam
1013 1283 1178 1328 cujusque
1196 1282 1330 1318 illarum
1346 1282 1394 1317 36
1409 1283 1582 1318 stellarum
1603 1294 1770 1330 assequa-

182 1349 259 1388 tur,
293 1347 460 1394 valorque
482 1346 592 1393 ipsius
622 1345 639 1380 s·
661 1350 742 1382 ante
766 1350 804 1381 et
829 1349 912 1392 post
940 1346 1030 1381 hunc
1054 1347 1145 1381 diem
1167 1347 1205 1381 in
1228 1358 1364 1394 quaque
1387 1347 1518 1394 pagina
1541 1348 1666 1383 dextra
1689 1348 1771 1383 libri

183 1411 369 1446 secundum
393 1412 482 1446 hanc
506 1411 660 1456 regulam
689 1414 908 1446 memoratur.

276 1475 457 1518 Tabulae,
491 1486 580 1521 quae
603 1475 640 1509 in
664 1475 789 1510 dextra
811 1475 940 1521 pagina
961 1475 1153 1518 invenitur,
1187 1486 1343 1522 quaeque
1365 1487 1531 1511 summam
1554 1475 1710 1510 continet
1734 1479 1771 1510 et

182 1544 294 1575 motus
328 1539 451 1581 medii,
485 1540 530 1573 ab
561 1539 642 1574 anni
674 1539 773 1574 initio
805 1539 995 1582 numerati,
1027 1543 1064 1574 et
1086 1539 1326 1574 Aberrationis
1351 1543 1388 1574 et
1410 1540 1612 1575 Nutationis
1637 1540 1770 1574 Solaris

181 1615 246 1650 pro
271 1603 402 1638 decimo
428 1615 563 1649 quoque
587 1604 643 1638 die
666 1615 737 1638 non
760 1604 806 1638 ad
830 1615 1038 1638 communem
1058 1603 1339 1638 consuetudinem
1364 1604 1584 1639 differentiae
1608 1608 1688 1639 sunt
1706 1604 1770 1639 ad-

182 1667 357 1714 scriptae,
390 1667 453 1702 sed
479 1667 646 1713 vigesima
668 1680 750 1714 pars
774 1679 924 1703 smmuae
948 1667 1220 1702 differentiarum
1249 1668 1488 1703 antecedentis
1519 1673 1556 1703 et
1579 1669 1769 1714 sequentis,

182 1743 272 1778 quae
306 1731 405 1778 quasi
438 1731 561 1767 diurna
591 1732 743 1767 variatio
777 1744 842 1779 pro
874 1745 914 1767 eo
939 1737 1111 1778 tempore,
1148 1731 1240 1778 quod
1262 1732 1299 1766 in
1324 1733 1443 1768 eadem
1467 1733 1559 1768 linea
1587 1733 1770 1780 reperitur,

180 1795 312 1843 poterit
335 1795 559 1832 considerari.
607 1797 755 1832 Schema
778 1797 938 1832 Tabulae
961 1796 1069 1843 igitur
1092 1796 1159 1831 hoc
1183 1796 1270 1831 erit:

583 1872 659 1902 Dies
978 1872 1136 1901 Numerus
1347 1868 1470 1902 Va'riat.
1493 1873 1606 1901 diurna

479 1926 743 1946 mlv
918 1927 930 1936 *
935 1926 1184 1946 m

477 1986 513 2010 m
1038 1987 1061 2010 α

478 2047 524 2075 m'
558 2061 618 2073 =
641 2052 676 2076 m
702 2050 738 2083 -ε-
759 2043 802 2076 10
1042 2047 1075 2074 α’

477 2107 531 2138 m''
559 2124 619 2137 =
641 2111 688 2139 m'
702 2113 739 2147 -ι-
759 2107 802 2140 10
1040 2106 1082 2138 α”

479 2172 535 2202 m'''
557 2187 617 2201 =
640 2171 740 2210 m''-{-
760 2170 804 2202 10
1043 2172 1087 2202 α’·

588 2237 656 2268 etc.
1033 2236 1099 2267 etc.

181 2315 221 2350 Si
245 2326 406 2350 numerus
429 2314 607 2361 quaeritur
629 2325 675 2360 y,
707 2313 767 2360 qui
791 2314 836 2348 ad
860 2313 949 2349 diem
973 2323 1009 2348 m
1023 2321 1059 2355 -ι-
1075 2324 1101 2348 x
1123 2312 1317 2360 pertineat,
1345 2314 1569 2356 habebimus,
1600 2315 1767 2360 neglectis

181 2379 388 2416 differentiis
413 2379 598 2414 secundam
623 2377 962 2421 transcendentibus,

1080 2441 1154 2475 b‘-
1171 2442 1190 2476 b

1111 2501 1159 2535 20

181 2566 254 2601 Sed
277 2565 436 2612 quoniam
459 2563 636 2611 quantitas
662 2562 734 2597 ⁶¹-
747 2561 766 2596 b
799 2574 969 2610 nunquam
996 2565 1107 2610 major
1129 2563 1302 2611 reperitur
1326 2562 1384 2606 6‚3
1407 2563 1597 2599 unitatibus
1628 2564 1765 2600 ultimae

181 2632 287 2665 notae
321 2629 496 2665 decimalis
528 2628 702 2670 Tabulae,
745 2627 916 2673 sequitur,
951 2629 1137 2664 membrum
1167 2628 1339 2671 ultimum,
1379 2639 1480 2674 quum
1513 2639 1702 2675 nunquam,
1734 2627 1766 2663 si

180 2695 318 2740 πὲὲ,
352 2694 519 2730 decimam
540 2692 622 2728 talis
646 2691 792 2727 unitatis
815 2697 949 2738 partem
973 2696 1198 2739 assequatur,
1227 2693 1264 2727 in
1293 2693 1359 2728 hoc
1388 2704 1471 2727 casu
1494 2704 1599 2739 posse
1621 2691 1764 2737 negligi.

181 2759 239 2793 Ex
268 2770 336 2805 quo
371 2757 642 2794 commodissima
674 2756 791 2803 prodit
820 2756 911 2792 ratio
935 2757 1107 2795 Tabulam
1131 2756 1318 2792 adhibendi
1341 2756 1387 2791 ad
1410 2756 1623 2792 condendam
1645 2756 1766 2802 Ephe·-

180 2823 324 2860 merida.
385 2823 426 2857 Si
456 2821 482 2857 i‘
512 2822 579 2857 erit
607 2832 766 2856 numerus
797 2820 951 2866 integer,
989 2821 1064 2856 sive
1085 2823 1198 2867 major
1222 2821 1298 2856 sive
1320 2821 1431 2856 minor
1454 2820 1672 2856 Reductione
1695 2820 1766 2855 diei

187 2893 224 2928 -1-
241 2885 273 2930 i,
304 2887 366 2922 sed
390 2898 459 2921 nou
481 2886 574 2921 ultra
602 2888 627 2932 ἐς
651 2884 801 2927 distans,
840 2885 990 2928 numeri,
1029 2885 1088 2932 qui
1116 2885 1256 2920 Tabula
1285 2884 1523 2927 continentur,
1558 2883 1686 2919 additis
1710 2884 1765 2919 in-

185 2962 288 2996 super
319 2951 495 2998 productis
530 2949 596 2993 bx,
635 2949 696 2984 ubi
718 2960 745 2983 x
767 2968 826 2980 =
849 2948 1063 2986 Reducta‘oni
1086 2948 1157 2984 diei
1183 2956 1220 2991 -ι-
1236 2948 1301 2984 ἰ-
1314 2947 1352 2992 ἰ’,
1386 2960 1449 2995 pro
1482 2948 1603 2984 diebus
1634 2949 1766 2992 valent,

184 3013 243 3060 qui
265 3013 446 3050 intervallo
471 3013 496 3048 δ’
520 3014 651 3050 dierum
675 3025 755 3056 eos,
788 3004 846 3059 qui
869 3017 950 3048 sunt
972 3013 1008 3049 in
1031 3014 1186 3058 Tabula,
1216 3012 1511 3059 antegrediuntur.

654 2470 1068 2516 y=a÷oeb÷aex.
