2034 3600
248 150 290 192 ΙΙ

318 332 563 377 cognoscetur,
587 340 663 364 eam
676 328 714 363 in
730 327 932 374 quibusdam
951 328 1088 363 casibus
1106 328 1181 364 sine
1198 328 1387 365 mutatione
1410 328 1525 375 aliqua
1544 340 1613 363 non
1637 328 1817 371 sufficere,
1839 332 1900 364 aut

317 398 458 442 praeter
472 393 613 439 cognita
630 404 777 439 corpora
792 393 1035 439 perturbantia
1053 393 1218 428 obscuras
1235 404 1418 439 superesse
1433 393 1730 438 perturbationum
1746 404 1900 428 caussas.

411 459 462 493 Ut
485 458 574 493 solvi
596 457 709 504 possit
731 457 797 492 hoc
821 456 1063 503 gravissimum
1086 457 1280 503 problema,
1311 456 1455 504 primum
1478 468 1622 492 necesse
1646 460 1701 492 est
1724 457 1901 506 praesidia

319 534 541 569 quaeramus,
565 521 689 568 quibus
711 522 767 556 usi
790 533 909 557 verum
933 532 977 555 ex
1001 520 1304 555 observationibus
1327 522 1476 556 fructum
1501 533 1628 568 capere
1644 521 1818 556 valeamus
1836 532 1899 567 pro

317 587 470 633 ipsarum
491 585 669 628 bonitate,
702 597 813 631 neque
835 584 987 632 propriis
1018 584 1195 619 erroribus
1219 596 1328 620 novos
1353 585 1518 620 addamus
1548 597 1570 620 a
1592 584 1796 620 reductione
1818 595 1902 631 pro-

318 651 440 685 fectos.
501 650 668 684 Absolute
692 650 828 695 quidem
851 650 918 683 hoc
941 660 1111 694 nunquam
1136 648 1274 694 assequi
1295 648 1394 691 licet,
1434 661 1535 695 quum
1558 649 1615 685 vel
1639 647 1902 694 diligentissima

317 714 574 749 Elementorum
596 714 856 748 reductionibus
879 712 1140 747 inservientium
1163 712 1413 759 pervestigatio
1444 713 1586 758 propius
1611 713 1746 759 quidem
1770 712 1816 747 ad
1839 723 1901 747 ve-

317 778 457 814 ritatem
482 778 666 820 accedere,
700 778 810 823 ipsam
833 776 1017 810 veritatem
1041 776 1181 821 assequi
1204 779 1371 822 nequeat,
1409 776 1473 811 sed
1499 777 1584 811 illud
1607 777 1812 823 sperandum
1836 779 1903 818 est,

318 843 412 885 fore,
443 845 481 877 ut
503 842 739 877 reductionum
762 840 947 874 Elementa
967 849 1035 883 pro
1061 838 1166 873 initio
1192 847 1227 873 et
1239 840 1322 885 fine
1346 844 1464 876 certae
1487 840 1623 886 periodi
1645 843 1715 875 tam
1741 844 1903 875 accurate

319 906 544 947 definiantur,
593 909 632 939 ut
661 905 813 950 ipsorum
844 903 1016 950 praecisio
1048 902 1257 949 praecisioni
1285 903 1497 948 respondeat
1530 904 1811 938 observationum
1841 903 1904 938 illo

319 969 488 1015 temporis
510 969 697 1003 intervallo
720 968 966 1003 institutarum.
1027 966 1140 1012 Hujus
1163 966 1215 1001 rei
1244 966 1433 1012 periculum
1463 966 1533 1001 feci
1563 966 1825 1002 determinando
1848 978 1904 1002 re-

319 1033 518 1068 ductionum
540 1033 723 1067 Elementa
745 1031 889 1079 primum
917 1042 981 1077 pro
1005 1030 1118 1066 medio
1147 1031 1328 1077 superiore
1351 1031 1489 1065 saeculo
1523 1043 1568 1066 ex
1590 1030 1817 1076 indagatione
1841 1031 1905 1065 ob-

320 1097 552 1133 servationum
582 1095 751 1141 Bradlquf
777 1095 831 1141 *)‚
874 1095 999 1130 deinde
1028 1106 1092 1141 pro
1122 1095 1300 1141 praesenti
1328 1098 1485 1142 tempore
1515 1107 1558 1129 ex
1591 1095 1906 1138 observationibus,

320 1173 409 1208 quae
433 1163 514 1195 sunt
535 1159 718 1195 institutae
746 1159 783 1194 in
814 1159 954 1206 specula
976 1159 1253 1205 Regiomontana
1278 1159 1341 1204 **).
1413 1160 1491 1194 Jam
1523 1171 1599 1194 mea
1628 1159 1804 1194 sententia
1832 1159 1905 1194 Ad-

319 1225 518 1261 scensiones
542 1227 662 1260 rectae
686 1229 722 1259 et
744 1223 1004 1259 Declinationes
1034 1223 1167 1259 illarum
1194 1223 1241 1258 36
1265 1223 1449 1258 Stellarum
1479 1223 1782 1259 fundamentalium
1805 1221 1904 1259 Μασ-

318 1288 451 1336 kelynii
473 1301 538 1323 nec
561 1300 632 1323 non
654 1288 776 1323 stellae
799 1287 929 1334 polaris
962 1298 1025 1334 pro
1049 1287 1193 1334 periodo
1219 1288 1263 1322 ab
1288 1299 1377 1322 anno
1409 1286 1499 1321 1750
1528 1298 1637 1333 usque
1661 1288 1707 1323 ad
1728 1287 1818 1323 hanc
1841 1299 1906 1322 no-

320 1357 428 1389 stram
460 1355 612 1388 aetatem
640 1354 742 1387 tanta
775 1351 930 1397 gaudent
960 1350 1198 1397 praecisione,
1230 1354 1271 1386 ut
1299 1351 1431 1386 residui
1454 1362 1592 1386 errores
1616 1352 1807 1398 comparati
1830 1364 1906 1388 cum

321 1417 601 1453 observationum
625 1416 801 1452 erroribus
823 1426 888 1462 per
915 1415 1007 1451 idem
1039 1415 1204 1462 temporis
1234 1416 1382 1462 spatium
1412 1415 1647 1450 institutarum
1675 1416 1768 1451 haud
1790 1416 1908 1462 magni

321 1484 391 1518 sint
420 1481 579 1517 ducendi.
651 1480 757 1523 Quod
785 1479 903 1515 verius
932 1480 1037 1515 etiam
1069 1480 1140 1515 dici
1170 1482 1289 1526 potest
1321 1480 1365 1514 de
1397 1479 1605 1514 differentiis
1634 1480 1907 1516 Adscensionum

318 1550 491 1582 rectarum
515 1550 552 1581 et
574 1544 851 1580 Declinationum
875 1556 976 1591 quam
1008 1545 1052 1580 de
1076 1543 1244 1580 absolutis
1274 1555 1390 1579 earum
1413 1543 1573 1579 numeris.
1644 1544 1764 1586 Quare
1794 1544 1825 1578 si
1850 1545 1907 1579 fu-

320 1616 434 1648 turum
462 1615 596 1657 tempus
625 1608 834 1644 indicaverit
862 1620 999 1644 errores
1032 1609 1268 1644 absolutarum
1297 1609 1642 1651 determinationum,
1676 1608 1907 1654 praecisione,

322 1688 411 1723 quae
435 1674 738 1711 observationibus
763 1674 807 1708 ab
833 1685 921 1708 anno
948 1671 1039 1707 1750
1067 1685 1176 1719 usque
1206 1674 1252 1708 ad
1275 1676 1430 1709 nostram
1460 1676 1609 1709 aetatem
1638 1673 1809 1708 institutis
1833 1673 1906 1707 suf-

321 1741 434 1783 ficiat,
465 1738 548 1785 quid
570 1738 651 1773 inde
673 1738 709 1772 in
732 1737 953 1773 reductiones
976 1738 1097 1773 harum
1121 1738 1403 1773 observationum
1425 1738 1614 1780 redundet,
1641 1749 1705 1783 per
1727 1738 1908 1774 formulam

321 1816 343 1841 a.
368 1805 442 1840 solo
467 1806 628 1850 tempore>
646 1802 853 1849 pendentem
876 1802 923 1836 ad
946 1802 1097 1837 calculos
1121 1814 1249 1837 vocare
1272 1802 1424 1848 poteris,
1468 1814 1533 1836 nec
1558 1802 1735 1848 opus-erit
1757 1802 1909 1849 repetita

322 1872 358 1904 et
380 1868 620 1913 redintegrata
642 1865 864 1908 reductione,
895 1866 996 1902 modo
1019 1866 1143 1902 iisdem
1167 1878 1303 1913 semper
1326 1866 1517 1901 Elementis
1541 1878 1622 1901 usus
1646 1867 1766 1903 fueris.

414 1933 606 1966 Praeterea
630 1930 662 1965 si
685 1930 941 1965 consideramus
961 1930 998 1964 in
1017 1930 1091 1964 dies
1113 1934 1327 1966 crescentem
1349 1930 1630 1965 observationum
1646 1930 1909 1975 multitudinem,

321 1997 358 2030 in
382 2007 450 2042 qua
474 2006 608 2042 semper
633 1994 808 2029 difficilius
832 1994 916 2036 erit,
948 1995 1213 2030 observationes
1237 2007 1281 2030 ea
1303 1995 1430 2037 forma,
1461 2006 1529 2040 qua
1550 1994 1703 2041 proferri
1725 1996 1839 2031 solent
1862 1997 1907 2031 ab

322 2059 556 2102 Astronomis‚
590 2070 726 2104 quaque
754 2058 906 2104 proferri
928 2059 984 2092 fas
1008 2062 1079 2101 est,
1114 2060 1226 2094 animo
1260 2059 1460 2106 complecti,
1499 2071 1560 2094 eas
1590 2059 1738 2106 stipatas
1770 2060 1910 2106 optabi-

323 2135 396 2158 mus
427 2123 529 2168 longe
563 2122 693 2157 minore
717 2125 963 2157 momentorum
986 2133 1142 2166 numero,
1183 2123 1229 2158 ad
1261 2135 1350 2169 quae
1379 2123 1428 2166 is,
1472 2124 1531 2168 qui
1553 2123 1715 2170 planetae
1738 2124 1908 2159 theoriam

324 2187 544 2222 scrutandam
573 2185 641 2220 sibi
672 2185 877 2232 sumpserit,
906 2186 1019 2232 possit
1049 2198 1184 2233 semper
1214 2186 1349 2230 redire,
1392 2187 1520 2222 omissa
1543 2187 1760 2233 originalium
1785 2189 1906 2223 obser-

322 2251 500 2287 vationum
524 2261 618 2284 cura.
674 2249 745 2284 Pro
770 2249 1005 2295 superioribus
1029 2250 1178 2296 planetis
1203 2264 1233 2286 e.
1258 2263 1292 2296 g.
1317 2254 1474 2299 tempora
1498 2255 1534 2286 et
1556 2251 1634 2287 loca
1656 2251 1908 2299 oppositionum

322 2316 474 2350 fortasse
499 2313 603 2348 etiam
627 2313 911 2358 quadraturarum
945 2314 1049 2348 semel
1073 2326 1116 2348 ea
1140 2326 1208 2360 qua
1238 2327 1302 2361 par
1327 2319 1382 2350 est
1403 2315 1585 2361 diligentia
1614 2327 1658 2350 ex
1688 2315 1908 2350 observatio-

326 2379 426 2414 nibus
458 2379 502 2413 ab
538 2389 627 2412 anno
663 2375 755 2411 1750
786 2376 955 2411 institutis
987 2377 1032 2412 ad
1064 2378 1227 2413 calculum
1260 2383 1406 2422 vocata,
1447 2380 1501 2414 his
1534 2378 1711 2413 hodiernis
1741 2378 1908 2414 adhibitis

325 2442 527 2491 praesidiis,
551 2444 660 2477 totam
676 2441 796 2476 harum
813 2441 1093 2477 observationum
1113 2443 1237 2479 seriem
1252 2443 1457 2484 brevissima
1474 2444 1587 2478 forma
1606 2442 1907 2489 comprehendent.

420 2507 520 2541 Haec
550 2506 664 2541 omnia
691 2505 932 2552 complectenti
960 2505 1042 2540 mihi
1063 2507 1201 2542 videtur
1228 2507 1407 2555 plurimum
1434 2507 1553 2542 valere
1584 2506 1631 2542 ad
1658 2508 1794 2542 futuros
1823 2518 1907 2554 pro-

328 2582 469 2618 gressus
491 2570 530 2605 in
554 2569 753 2616 cognitione
776 2569 974 2616 systematis
999 2570 1149 2614 Solaris,
1182 2572 1262 2607 loca
1288 2572 1502 2619 planetarum
1531 2571 1578 2607 ab
1608 2572 1698 2606 anuo
1729 2569 1820 2605 1750
1843 2571 1907 2606 ob-

328 2638 469 2671 servata
500 2646 600 2681 quam
629 2633 891 2680 diligentissime
924 2634 1110 2669 secundum
1139 2636 1259 2672 eadem
1291 2647 1426 2683 semper
1448 2635 1631 2672 Elementa
1657 2635 1695 2670 in
1727 2634 1906 2681 catalogos
1967 2665 1972 2670 ,

327 2699 505 2745 redigere,
544 2701 584 2733 ut
606 2698 749 2744 quisque
771 2698 866 2733 locus
889 2698 1067 2745 expositus
1089 2699 1126 2733 in
1154 2699 1222 2734 illis
1252 2712 1296 2736 ex
1318 2699 1472 2747 pluribus
1501 2697 1802 2736 observationibus
1833 2697 1907 2733 col-

328 2763 438 2797 lectus
463 2762 522 2797 sit.
570 2761 642 2797 Sed
665 2762 746 2808 quia
764 2761 909 2797 omnium
928 2762 1142 2809 planetarum
1165 2764 1322 2800 theoriae
1343 2767 1459 2800 mutuo
1483 2764 1618 2801 vinculo
1642 2763 1735 2799 inter
1758 2774 1797 2797 se
1822 2773 1906 2797 con-

376 2867 402 2906 *)
425 2869 638 2901 Fundamenta
660 2870 873 2900 Astronomiae
895 2879 952 2909 pro
976 2872 1064 2900 Anno
1088 2872 1164 2902 1755.
1210 2872 1416 2912 Regiomonti,
1440 2873 1517 2903 1818.

360 2924 403 2964 ''¹'')
417 2927 508 3003 {ride
539 2929 676 3004 ninguidus
707 2931 813 2983 partes
844 2928 1097 2984 observationum·
1124 2932 1404 2962 Astronomicarum
1441 2932 1475 2961 in
1505 2932 1630 2970 specula
1663 2931 1907 2968 Regiomontana

444 2979 551 3004 mm
541 2984 824 3053 Hezm¹¹issf¹¹lissf¹
825 2984 918 3052 ⁸:¹05?
927 2977 1524 3056 0‘}¹⁸2⁸{.¹‘31‘L‘L¹Zf‘⁸1⁷⁸2⁵³¹232a123⁶⁶¹¹¹¹⁸⁸
1556 2982 1755 3009 ⁰⁰¹²¹¹‘¹³¹'¹'¹¹
1784 2978 1908 3007 ⁸²¹⁸*
