<?xml version="1.0" encoding="UTF-8"?>
<!DOCTYPE html PUBLIC "-//W3C//DTD XHTML 1.0 Transitional//EN"
    "http://www.w3.org/TR/xhtml1/DTD/xhtml1-transitional.dtd">
<html xmlns="http://www.w3.org/1999/xhtml" xml:lang="en" lang="en">
 <head>
  <title>
</title>
<meta http-equiv="Content-Type" content="text/html;charset=utf-8" />
  <meta name='ocr-system' content='tesseract 3.04.00' />
  <meta name='ocr-capabilities' content='ocr_page ocr_carea ocr_par ocr_line ocrx_word'/>
</head>
<body>
  <div class='ocr_page' id='page_1' title='image "./tabulaeregiomont00bessuoft_0007.png"; bbox 0 0 2106 3666; ppageno 0'>
   <div class='ocr_carea' id='block_1_1' title="bbox 652 441 1397 514">
    <p class='ocr_par' dir='ltr' id='par_1_1' title="bbox 652 441 1397 514">
     <span class='ocr_line' id='line_1_1' title="bbox 652 441 1397 514; baseline -0.004 0"><span class='ocrx_word' id='word_1_1' title='bbox 652 441 1397 514; x_wconf 79' lang='lat' dir='ltr'><strong>Contenta.</strong></span> 
     </span>
    </p>
   </div>
   <div class='ocr_carea' id='block_1_2' title="bbox 206 735 1698 1048">
    <p class='ocr_par' dir='ltr' id='par_1_2' title="bbox 206 735 1698 929">
     <span class='ocr_line' id='line_1_2' title="bbox 209 735 1698 800; baseline -0.001 -11"><span class='ocrx_word' id='word_1_2' title='bbox 209 735 434 792; x_wconf 81' lang='lat' dir='ltr'><strong>Introductio</strong></span> <span class='ocrx_word' id='word_1_3' title='bbox 467 779 1586 791; x_wconf 88' lang='grc'><strong>.................................</strong></span> <span class='ocrx_word' id='word_1_4' title='bbox 1612 755 1698 800; x_wconf 84' lang='lat' dir='ltr'><strong>Pag.</strong></span> 
     </span>
     <span class='ocr_line' id='line_1_3' title="bbox 206 818 1681 867; baseline -0.009 -10"><span class='ocrx_word' id='word_1_5' title='bbox 206 822 261 857; x_wconf 90' lang='lat' dir='ltr'><strong>De</strong></span> <span class='ocrx_word' id='word_1_6' title='bbox 284 821 398 857; x_wconf 83' lang='lat' dir='ltr'><strong>media</strong></span> <span class='ocrx_word' id='word_1_7' title='bbox 421 821 724 867; x_wconf 78' lang='lat' dir='ltr'><strong>Aequinoctiorum</strong></span> <span class='ocrx_word' id='word_1_8' title='bbox 746 818 995 854; x_wconf 79' lang='lat' dir='ltr'><strong>Praecessione</strong></span> <span class='ocrx_word' id='word_1_9' title='bbox 1021 842 1586 854; x_wconf 90' lang='grc'><strong>.................</strong></span> <span class='ocrx_word' id='word_1_10' title='bbox 1635 839 1681 844; x_wconf 86' lang='grc'><strong>-</strong></span> 
     </span>
     <span class='ocr_line' id='line_1_4' title="bbox 207 881 924 929; baseline -0.01 -8"><span class='ocrx_word' id='word_1_11' title='bbox 207 887 262 921; x_wconf 87' lang='lat' dir='ltr'><strong>De</strong></span> <span class='ocrx_word' id='word_1_12' title='bbox 286 890 380 921; x_wconf 87' lang='lat' dir='ltr'><strong>motu</strong></span> <span class='ocrx_word' id='word_1_13' title='bbox 403 884 544 929; x_wconf 84' lang='lat' dir='ltr'><strong>proprio</strong></span> <span class='ocrx_word' id='word_1_14' title='bbox 569 882 754 916; x_wconf 81' lang='lat' dir='ltr'><strong>Stellarum</strong></span> <span class='ocrx_word' id='word_1_15' title='bbox 778 881 924 915; x_wconf 81' lang='lat' dir='ltr'><strong>fixarum</strong></span> 
     </span>
    </p>

    <p class='ocr_par' dir='ltr' id='par_1_3' title="bbox 209 947 480 985">
     <span class='ocr_line' id='line_1_5' title="bbox 209 947 480 985; baseline -0.022 0"><span class='ocrx_word' id='word_1_16' title='bbox 209 951 263 985; x_wconf 89' lang='lat' dir='ltr'><strong>De</strong></span> <span class='ocrx_word' id='word_1_17' title='bbox 286 947 480 984; x_wconf 74' lang='lat' dir='ltr'><strong>Nutationo</strong></span> 
     </span>
    </p>

    <p class='ocr_par' dir='ltr' id='par_1_4' title="bbox 207 1010 518 1048">
     <span class='ocr_line' id='line_1_6' title="bbox 207 1010 518 1048; baseline -0.023 1"><span class='ocrx_word' id='word_1_18' title='bbox 207 1014 262 1048; x_wconf 83' lang='lat' dir='ltr'><strong>De</strong></span> <span class='ocrx_word' id='word_1_19' title='bbox 285 1010 518 1047; x_wconf 83' lang='lat' dir='ltr'><strong>Aberratione</strong></span> 
     </span>
    </p>
   </div>
   <div class='ocr_carea' id='block_1_3' title="bbox 203 1392 1120 1477">
    <p class='ocr_par' dir='ltr' id='par_1_5' title="bbox 203 1392 1120 1477">
     <span class='ocr_line' id='line_1_7' title="bbox 203 1392 1120 1477; baseline -0.005 -37"><span class='ocrx_word' id='word_1_20' title='bbox 203 1404 377 1440; x_wconf 79' lang='lat' dir='ltr'><strong>Reductio</strong></span> <span class='ocrx_word' id='word_1_21' title='bbox 402 1404 472 1438; x_wconf 87' lang='lat' dir='ltr'><strong>diei</strong></span> <span class='ocrx_word' id='word_1_22' title='bbox 496 1404 542 1438; x_wconf 84' lang='lat' dir='ltr'><strong>ad</strong></span> <span class='ocrx_word' id='word_1_23' title='bbox 566 1414 688 1438; x_wconf 85' lang='lat' dir='ltr'><strong>annum</strong></span> <span class='ocrx_word' id='word_1_24' title='bbox 712 1402 831 1437; x_wconf 83' lang='lat' dir='ltr'><strong>fictum</strong></span> <span class='ocrx_word' id='word_1_25' title='bbox 866 1428 1084 1437; x_wconf 89' lang='grc'><strong>.......</strong></span> <span class='ocrx_word' id='word_1_26' title='bbox 1106 1392 1120 1477; x_wconf 47' lang='grc' dir='ltr'><em>ζ</em></span> 
     </span>
    </p>
   </div>
   <div class='ocr_carea' id='block_1_4' title="bbox 203 1483 1126 1816">
    <p class='ocr_par' dir='ltr' id='par_1_6' title="bbox 203 1483 1126 1816">
     <span class='ocr_line' id='line_1_8' title="bbox 203 1483 1083 1530; baseline -0.005 -10"><span class='ocrx_word' id='word_1_27' title='bbox 203 1487 407 1521; x_wconf 71' lang='lat' dir='ltr'><strong>Praecessio</strong></span> <span class='ocrx_word' id='word_1_28' title='bbox 433 1484 737 1530; x_wconf 82' lang='lat' dir='ltr'><strong>Aequinoctiomm</strong></span> <span class='ocrx_word' id='word_1_29' title='bbox 760 1483 875 1518; x_wconf 78' lang='lat' dir='ltr'><strong>media</strong></span> <span class='ocrx_word' id='word_1_30' title='bbox 899 1508 1083 1518; x_wconf 90' lang='grc'><strong>......</strong></span> 
     </span>
     <span class='ocr_line' id='line_1_9' title="bbox 203 1541 1126 1816; baseline -0.005 -236"><span class='ocrx_word' id='word_1_31' title='bbox 203 1545 353 1580; x_wconf 85' lang='lat' dir='ltr'><strong>Nutatio</strong></span> <span class='ocrx_word' id='word_1_32' title='bbox 377 1555 440 1590; x_wconf 83' lang='lat' dir='ltr'><strong>pro</strong></span> <span class='ocrx_word' id='word_1_33' title='bbox 452 1542 687 1588; x_wconf 78' lang='lat' dir='ltr'><strong>Longitudine</strong></span> <span class='ocrx_word' id='word_1_34' title='bbox 711 1546 747 1577; x_wconf 89' lang='lat' dir='ltr'><strong>et</strong></span> <span class='ocrx_word' id='word_1_35' title='bbox 770 1553 833 1587; x_wconf 86' lang='lat' dir='ltr'><strong>pro</strong></span> <span class='ocrx_word' id='word_1_36' title='bbox 851 1541 1086 1576; x_wconf 80' lang='lat' dir='ltr'><strong>Adscensione</strong></span> <span class='ocrx_word' id='word_1_37' title='bbox 1107 1553 1126 1816; x_wconf 54' lang='grc'><em>5</em></span> 
     </span>
    </p>
   </div>
   <div class='ocr_carea' id='block_1_5' title="bbox 203 1600 1089 2812">
    <p class='ocr_par' dir='ltr' id='par_1_7' title="bbox 203 1600 1089 2812">
     <span class='ocr_line' id='line_1_10' title="bbox 249 1600 1086 1647; baseline -0.005 -9"><span class='ocrx_word' id='word_1_38' title='bbox 249 1608 349 1638; x_wconf 82' lang='lat' dir='ltr'><strong>recta</strong></span> <span class='ocrx_word' id='word_1_39' title='bbox 371 1603 484 1638; x_wconf 84' lang='lat' dir='ltr'><strong>media</strong></span> <span class='ocrx_word' id='word_1_40' title='bbox 507 1603 599 1637; x_wconf 79' lang='lat' dir='ltr'><strong>Solis</strong></span> <span class='ocrx_word' id='word_1_41' title='bbox 622 1605 727 1647; x_wconf 84' lang='lat' dir='ltr'><strong>atque</strong></span> <span class='ocrx_word' id='word_1_42' title='bbox 745 1600 943 1647; x_wconf 81' lang='lat' dir='ltr'>obliquitas</span> <span class='ocrx_word' id='word_1_43' title='bbox 966 1601 1086 1647; x_wconf 87' lang='lat' dir='ltr'><strong>Eclip-</strong></span> 
     </span>
     <span class='ocr_line' id='line_1_11' title="bbox 251 1664 1062 1708; baseline -0.005 -11"><span class='ocrx_word' id='word_1_44' title='bbox 251 1664 339 1697; x_wconf 80' lang='lat' dir='ltr'><strong>tices</strong></span> <span class='ocrx_word' id='word_1_45' title='bbox 371 1673 540 1708; x_wconf 82' lang='lat' dir='ltr'><strong>apparens</strong></span> <span class='ocrx_word' id='word_1_46' title='bbox 565 1685 1062 1701; x_wconf 88' lang='grc'><strong><em>...............</em></strong></span> 
     </span>
     <span class='ocr_line' id='line_1_12' title="bbox 204 1718 1087 1767; baseline -0.002 -12"><span class='ocrx_word' id='word_1_47' title='bbox 204 1721 396 1756; x_wconf 84' lang='lat' dir='ltr'>Conversio</span> <span class='ocrx_word' id='word_1_48' title='bbox 420 1719 604 1767; x_wconf 78' lang='lat' dir='ltr'><strong>Temporis</strong></span> <span class='ocrx_word' id='word_1_49' title='bbox 629 1719 763 1754; x_wconf 76' lang='lat' dir='ltr'><strong>Solaris</strong></span> <span class='ocrx_word' id='word_1_50' title='bbox 797 1718 900 1753; x_wconf 85' lang='lat' dir='ltr'><strong>medii</strong></span> <span class='ocrx_word' id='word_1_51' title='bbox 922 1719 959 1753; x_wconf 78' lang='lat' dir='ltr'><strong>in</strong></span> <span class='ocrx_word' id='word_1_52' title='bbox 982 1719 1087 1753; x_wconf 89' lang='lat' dir='ltr'><strong>Tem-</strong></span> 
     </span>
     <span class='ocr_line' id='line_1_13' title="bbox 250 1778 812 1826; baseline -0.004 -12"><span class='ocrx_word' id='word_1_53' title='bbox 250 1791 316 1826; x_wconf 84' lang='lat' dir='ltr'><strong>pus</strong></span> <span class='ocrx_word' id='word_1_54' title='bbox 342 1779 523 1821; x_wconf 82' lang='lat' dir='ltr'><strong>sidereum,</strong></span> <span class='ocrx_word' id='word_1_55' title='bbox 548 1783 585 1813; x_wconf 88' lang='lat' dir='ltr'><strong>et</strong></span> <span class='ocrx_word' id='word_1_56' title='bbox 606 1778 684 1813; x_wconf 85' lang='lat' dir='ltr'><strong>vice</strong></span> <span class='ocrx_word' id='word_1_57' title='bbox 708 1790 812 1813; x_wconf 82' lang='lat' dir='ltr'><strong>versa</strong></span> 
     </span>
     <span class='ocr_line' id='line_1_14' title="bbox 203 1836 1087 1883; baseline -0.002 -9"><span class='ocrx_word' id='word_1_58' title='bbox 203 1839 349 1874; x_wconf 77' lang='lat' dir='ltr'><strong>Valores</strong></span> <span class='ocrx_word' id='word_1_59' title='bbox 375 1837 617 1879; x_wconf 78' lang='lat' dir='ltr'><strong>Quantitatum</strong></span> <span class='ocrx_word' id='word_1_60' title='bbox 646 1836 691 1872; x_wconf 87' lang='lat' dir='ltr'><strong>ad</strong></span> <span class='ocrx_word' id='word_1_61' title='bbox 723 1836 1011 1883; x_wconf 85' lang='lat' dir='ltr'><strong>computationem</strong></span> <span class='ocrx_word' id='word_1_62' title='bbox 1034 1837 1087 1872; x_wconf 85' lang='lat' dir='ltr'><strong>lo—</strong></span> 
     </span>
     <span class='ocr_line' id='line_1_15' title="bbox 251 1895 1087 1943; baseline -0.002 -11"><span class='ocrx_word' id='word_1_63' title='bbox 251 1910 368 1932; x_wconf 90' lang='lat' dir='ltr'><strong>corum</strong></span> <span class='ocrx_word' id='word_1_64' title='bbox 393 1895 630 1943; x_wconf 85' lang='lat' dir='ltr'><strong>apparentium</strong></span> <span class='ocrx_word' id='word_1_65' title='bbox 657 1896 830 1931; x_wconf 82' lang='lat' dir='ltr'><strong>stellarum</strong></span> <span class='ocrx_word' id='word_1_66' title='bbox 853 1895 1000 1932; x_wconf 84' lang='lat' dir='ltr'><strong>fixarum</strong></span> <span class='ocrx_word' id='word_1_67' title='bbox 1024 1907 1087 1941; x_wconf 85' lang='lat' dir='ltr'><strong>ge-</strong></span> 
     </span>
     <span class='ocr_line' id='line_1_16' title="bbox 250 1954 1086 1992; baseline -0.005 0"><span class='ocrx_word' id='word_1_68' title='bbox 250 1957 414 1992; x_wconf 84' lang='lat' dir='ltr'><strong>neraliter</strong></span> <span class='ocrx_word' id='word_1_69' title='bbox 436 1954 695 1990; x_wconf 80' lang='lat' dir='ltr'>inservientium</span> <span class='ocrx_word' id='word_1_70' title='bbox 726 1978 1086 1990; x_wconf 85' lang='grc'><strong>...........</strong></span> 
     </span>
     <span class='ocr_line' id='line_1_17' title="bbox 203 2013 1088 2051; baseline -0.005 0"><span class='ocrx_word' id='word_1_71' title='bbox 203 2015 457 2051; x_wconf 77' lang='lat' dir='ltr'><strong>Adscensiones</strong></span> <span class='ocrx_word' id='word_1_72' title='bbox 480 2018 600 2049; x_wconf 82' lang='lat' dir='ltr'><strong>rectae</strong></span> <span class='ocrx_word' id='word_1_73' title='bbox 625 2017 661 2048; x_wconf 87' lang='lat' dir='ltr'><strong>et</strong></span> <span class='ocrx_word' id='word_1_74' title='bbox 672 2013 930 2049; x_wconf 79' lang='lat' dir='ltr'><strong>Declinationes</strong></span> <span class='ocrx_word' id='word_1_75' title='bbox 953 2013 1088 2048; x_wconf 84' lang='lat' dir='ltr'><strong>mediae</strong></span> 
     </span>
     <span class='ocr_line' id='line_1_18' title="bbox 251 2072 1089 2120; baseline -0.004 -11"><span class='ocrx_word' id='word_1_76' title='bbox 251 2078 288 2109; x_wconf 83' lang='lat' dir='ltr'><strong>et</strong></span> <span class='ocrx_word' id='word_1_77' title='bbox 311 2076 519 2120; x_wconf 75' lang='lat' dir='ltr'><strong>apparentes</strong></span> <span class='ocrx_word' id='word_1_78' title='bbox 553 2072 740 2107; x_wconf 77' lang='lat' dir='ltr'><strong>Stellarum</strong></span> <span class='ocrx_word' id='word_1_79' title='bbox 769 2072 815 2106; x_wconf 82' lang='lat'><strong>36</strong></span> <span class='ocrx_word' id='word_1_80' title='bbox 846 2072 1089 2106; x_wconf 79' lang='lat' dir='ltr'><strong>fundamenta-</strong></span> 
     </span>
     <span class='ocr_line' id='line_1_19' title="bbox 250 2130 1088 2177; baseline -0.002 -11"><span class='ocrx_word' id='word_1_81' title='bbox 250 2132 332 2167; x_wconf 88' lang='lat' dir='ltr'><strong>lium</strong></span> <span class='ocrx_word' id='word_1_82' title='bbox 357 2135 462 2177; x_wconf 85' lang='lat' dir='ltr'><strong>atque</strong></span> <span class='ocrx_word' id='word_1_83' title='bbox 486 2144 510 2165; x_wconf 85' lang='grc' dir='ltr'><strong>α</strong></span> <span class='ocrx_word' id='word_1_84' title='bbox 534 2135 570 2165; x_wconf 88' lang='lat' dir='ltr'><strong>et</strong></span> <span class='ocrx_word' id='word_1_85' title='bbox 587 2130 610 2164; x_wconf 81' lang='grc' dir='ltr'><em>δ</em></span> <span class='ocrx_word' id='word_1_86' title='bbox 624 2130 740 2165; x_wconf 80' lang='lat' dir='ltr'><strong>Ursae</strong></span> <span class='ocrx_word' id='word_1_87' title='bbox 756 2130 909 2172; x_wconf 78' lang='lat' dir='ltr'><strong>minoris,</strong></span> <span class='ocrx_word' id='word_1_88' title='bbox 934 2130 979 2164; x_wconf 90' lang='lat' dir='ltr'><strong>ab</strong></span> <span class='ocrx_word' id='word_1_89' title='bbox 998 2141 1088 2164; x_wconf 86' lang='lat' dir='ltr'><strong>anno</strong></span> 
     </span>
     <span class='ocr_line' id='line_1_20' title="bbox 253 2186 1065 2237; baseline -0.002 -14"><span class='ocrx_word' id='word_1_90' title='bbox 253 2189 344 2224; x_wconf 88' lang='grc'>1750</span> <span class='ocrx_word' id='word_1_91' title='bbox 366 2201 477 2235; x_wconf 84' lang='lat' dir='ltr'><strong>usque</strong></span> <span class='ocrx_word' id='word_1_92' title='bbox 500 2188 546 2223; x_wconf 84' lang='lat' dir='ltr'><strong>ad</strong></span> <span class='ocrx_word' id='word_1_93' title='bbox 569 2198 698 2237; x_wconf 80' lang='lat' dir='ltr'><strong>anunm</strong></span> <span class='ocrx_word' id='word_1_94' title='bbox 732 2186 823 2222; x_wconf 87' lang='lat'>1850</span> <span class='ocrx_word' id='word_1_95' title='bbox 846 2191 1065 2235; x_wconf 74' lang='lat' dir='ltr'><strong>computatae</strong></span> 
     </span>
     <span class='ocr_line' id='line_1_21' title="bbox 345 2246 1087 2294; baseline -0.003 -12"><span class='ocrx_word' id='word_1_96' title='bbox 345 2248 465 2284; x_wconf 79' lang='lat' dir='ltr'><strong>Sectio</strong></span> <span class='ocrx_word' id='word_1_97' title='bbox 490 2247 600 2294; x_wconf 81' lang='lat' dir='ltr'><strong>prima</strong></span> <span class='ocrx_word' id='word_1_98' title='bbox 665 2246 795 2280; x_wconf 84' lang='lat'>1750-</span> <span class='ocrx_word' id='word_1_99' title='bbox 803 2247 895 2281; x_wconf 89' lang='grc'>1770</span> <span class='ocrx_word' id='word_1_100' title='bbox 940 2271 1087 2280; x_wconf 91' lang='grc'><strong>.....</strong></span> 
     </span>
     <span class='ocr_line' id='line_1_22' title="bbox 396 2305 892 2340; baseline -0.002 0"><span class='ocrx_word' id='word_1_101' title='bbox 396 2326 434 2332; x_wconf 96' lang='grc'>-</span> <span class='ocrx_word' id='word_1_102' title='bbox 494 2305 647 2340; x_wconf 74' lang='lat' dir='ltr'><strong>secunda</strong></span> <span class='ocrx_word' id='word_1_103' title='bbox 662 2305 892 2340; x_wconf 88' lang='grc'>1770-1790</span> 
     </span>
     <span class='ocr_line' id='line_1_23' title="bbox 396 2364 892 2400; baseline -0.01 1"><span class='ocrx_word' id='word_1_104' title='bbox 396 2384 434 2391; x_wconf 90' lang='lat'><strong>·-</strong></span> <span class='ocrx_word' id='word_1_105' title='bbox 495 2364 602 2400; x_wconf 82' lang='lat' dir='ltr'><strong>tertia</strong></span> <span class='ocrx_word' id='word_1_106' title='bbox 665 2364 892 2399; x_wconf 87' lang='lat'><strong>1790-1810</strong></span> 
     </span>
     <span class='ocr_line' id='line_1_24' title="bbox 395 2420 1088 2469; baseline 0 -10"><span class='ocrx_word' id='word_1_107' title='bbox 395 2443 433 2449; x_wconf 89' lang='lat'><em>-</em></span> <span class='ocrx_word' id='word_1_108' title='bbox 497 2427 624 2469; x_wconf 81' lang='lat' dir='ltr'><strong>quarta</strong></span> <span class='ocrx_word' id='word_1_109' title='bbox 660 2420 891 2455; x_wconf 83' lang='lat'>1810-1830</span> <span class='ocrx_word' id='word_1_110' title='bbox 938 2449 946 2457; x_wconf 89' lang='lat'><strong>.</strong></span> <span class='ocrx_word' id='word_1_111' title='bbox 972 2448 981 2457; x_wconf 91' lang='lat'><strong>.</strong></span> <span class='ocrx_word' id='word_1_112' title='bbox 1006 2449 1015 2456; x_wconf 94' lang='lat'>.</span> <span class='ocrx_word' id='word_1_113' title='bbox 1041 2448 1049 2456; x_wconf 88' lang='lat'><strong>.</strong></span> <span class='ocrx_word' id='word_1_114' title='bbox 1078 2450 1088 2460; x_wconf 93' lang='lat'><strong>.</strong></span> 
     </span>
     <span class='ocr_line' id='line_1_25' title="bbox 395 2479 1085 2527; baseline 0.012 -18"><span class='ocrx_word' id='word_1_115' title='bbox 395 2501 433 2509; x_wconf 85' lang='lat'><strong>...</strong></span> <span class='ocrx_word' id='word_1_116' title='bbox 496 2481 620 2527; x_wconf 71' lang='lat' dir='ltr'><strong>quinta</strong></span> <span class='ocrx_word' id='word_1_117' title='bbox 662 2479 892 2514; x_wconf 85' lang='lat'>1830—1850</span> <span class='ocrx_word' id='word_1_118' title='bbox 937 2507 1085 2516; x_wconf 87' lang='lat'><strong>.....</strong></span> 
     </span>
     <span class='ocr_line' id='line_1_26' title="bbox 205 2540 1084 2585; baseline -0.001 -9"><span class='ocrx_word' id='word_1_119' title='bbox 205 2540 464 2576; x_wconf 77' lang='lat' dir='ltr'><strong>Declinationes</strong></span> <span class='ocrx_word' id='word_1_120' title='bbox 489 2540 665 2575; x_wconf 75' lang='lat' dir='ltr'><strong>stellarum</strong></span> <span class='ocrx_word' id='word_1_121' title='bbox 686 2540 725 2573; x_wconf 86' lang='lat' dir='ltr'><strong>in</strong></span> <span class='ocrx_word' id='word_1_122' title='bbox 749 2540 888 2585; x_wconf 77' lang='lat' dir='ltr'><strong>apecula</strong></span> <span class='ocrx_word' id='word_1_123' title='bbox 911 2540 1084 2576; x_wconf 84' lang='lat' dir='ltr'><strong>Grenovi-</strong></span> 
     </span>
     <span class='ocr_line' id='line_1_27' title="bbox 252 2599 1084 2645; baseline -0.001 -10"><span class='ocrx_word' id='word_1_124' title='bbox 252 2599 347 2635; x_wconf 77' lang='lat' dir='ltr'><strong>censi</strong></span> <span class='ocrx_word' id='word_1_125' title='bbox 370 2611 475 2645; x_wconf 76' lang='lat' dir='ltr'><strong>saepe</strong></span> <span class='ocrx_word' id='word_1_126' title='bbox 500 2599 762 2634; x_wconf 75' lang='lat' dir='ltr'><strong>observaturum</strong></span> <span class='ocrx_word' id='word_1_127' title='bbox 799 2625 1084 2634; x_wconf 87' lang='lat'><strong>.........</strong></span> 
     </span>
     <span class='ocr_line' id='line_1_28' title="bbox 205 2657 798 2694; baseline -0.005 -1"><span class='ocrx_word' id='word_1_128' title='bbox 205 2659 375 2694; x_wconf 82' lang='lat' dir='ltr'><strong>Reductio</strong></span> <span class='ocrx_word' id='word_1_129' title='bbox 401 2658 680 2693; x_wconf 77' lang='lat' dir='ltr'><strong>observationum</strong></span> <span class='ocrx_word' id='word_1_130' title='bbox 706 2657 798 2691; x_wconf 79' lang='lat' dir='ltr'><strong>Solis</strong></span> 
     </span>
     <span class='ocr_line' id='line_1_29' title="bbox 205 2716 822 2753; baseline -0.003 -1"><span class='ocrx_word' id='word_1_131' title='bbox 205 2718 376 2753; x_wconf 87' lang='lat' dir='ltr'><strong>Reductio</strong></span> <span class='ocrx_word' id='word_1_132' title='bbox 401 2716 679 2752; x_wconf 76' lang='lat' dir='ltr'><strong>observationum</strong></span> <span class='ocrx_word' id='word_1_133' title='bbox 702 2716 822 2750; x_wconf 84' lang='lat' dir='ltr'><strong>Lunae</strong></span> 
     </span>
     <span class='ocr_line' id='line_1_30' title="bbox 205 2775 646 2812; baseline -0.007 0"><span class='ocrx_word' id='word_1_134' title='bbox 205 2777 384 2812; x_wconf 81' lang='lat' dir='ltr'><strong>Refractio</strong></span> <span class='ocrx_word' id='word_1_135' title='bbox 407 2775 646 2812; x_wconf 73' lang='lat' dir='ltr'><strong>Astronomica</strong></span> 
     </span>
    </p>
   </div>
   <div class='ocr_carea' id='block_1_6' title="bbox 168 235 1879 3118">
    <p class='ocr_par' dir='ltr' id='par_1_8' title="bbox 168 235 1879 3118">
     <span class='ocr_line' id='line_1_31' title="bbox 168 235 1879 3118; baseline 0 0"><span class='ocrx_word' id='word_1_136' title='bbox 168 235 1879 3118; x_wconf 95' lang='lat' dir='ltr'><strong> </strong></span> 
     </span>
    </p>
   </div>
  </div>
 </body>
</html>
