2034 3600
592 903 1348 977 Introductio.

176 1237 391 1310 Praesens
415 1268 568 1315 cognitio
592 1272 744 1305 motuum
762 1270 971 1316 systematis
990 1271 1123 1307 Solaris
1146 1283 1216 1307 non
1240 1283 1302 1307 eos
1325 1272 1412 1307 fecit
1428 1284 1654 1319 progressus,
1678 1285 1766 1320 quos

176 1335 334 1386 polliceri
361 1334 546 1370 videbatur
576 1337 613 1369 et
640 1334 764 1380 ingens
793 1346 953 1369 numerus
983 1338 1020 1370 et
1051 1336 1192 1372 bonitas
1222 1337 1521 1380 observationum,
1564 1349 1654 1384 quae
1684 1338 1768 1373 inde

177 1414 199 1438 a
213 1398 382 1445 Bradlejs·
402 1397 616 1444 temporibus
640 1398 734 1434 circa
750 1399 864 1434 Solem
889 1405 925 1434 et
941 1400 1073 1434 Lunam
1097 1404 1134 1435 et
1149 1401 1314 1436 Planetas
1337 1405 1418 1436 sunt
1439 1401 1632 1437 institutae.
1678 1402 1767 1437 Illud

178 1466 315 1513 quidem
340 1475 423 1500 vere
447 1462 517 1497 dici
539 1465 676 1509 potest,
700 1463 856 1498 Tabulas
877 1464 1128 1499 astronomicas
1150 1464 1255 1499 hodie
1272 1476 1343 1499 non
1364 1465 1513 1511 integris
1535 1466 1676 1501 minutis
1694 1467 1783 1516 Psi·.

178 1531 240 1566 mis
265 1542 287 1565 a
305 1529 403 1564 coelo
423 1528 605 1570 aberrare,
629 1526 692 1562 sed
709 1526 741 1561 si
758 1528 919 1563 Tabulae
937 1529 1019 1563 illae
1043 1540 1073 1564 e.
1093 1540 1128 1574 g.
1150 1528 1188 1562 in
1207 1528 1370 1575 planetae
1389 1530 1607 1576 oppositione
1623 1534 1660 1565 et
1676 1531 1767 1565 bene

178 1595 367 1630 observata
391 1595 442 1627 et·
452 1595 615 1626 accurate
637 1591 783 1627 reducta
801 1591 845 1626 iis
862 1592 1027 1627 adhibitis
1043 1592 1248 1639 praesidiis,
1272 1605 1361 1639 quae
1378 1594 1422 1628 ab
1440 1605 1531 1629 anno
1553 1592 1642 1628 1750
1658 1606 1767 1641 usque

176 1659 222 1694 ad
245 1659 332 1693 haec
355 1659 477 1691 nostra
499 1659 657 1703 tempora
681 1659 851 1702 suggesta
874 1659 971 1700 sunt,
1010 1656 1161 1704 quinque
1183 1657 1323 1691 minutis
1346 1657 1509 1692 secundis
1531 1658 1609 1704 plus
1633 1659 1678 1693 ab
1703 1659 1767 1694 ob-

177 1722 376 1758 servatione
403 1721 590 1763 recedunt,
620 1732 720 1755 error
743 1732 859 1756 earum
881 1724 954 1756 tam
976 1720 1178 1756 manifestus
1203 1723 1240 1755 et
1263 1724 1405 1767 apertus
1429 1724 1503 1764 est,
1539 1733 1642 1768 quam
1665 1727 1768 1758 antea

178 1798 277 1822 error
299 1785 464 1821 minutum
486 1782 631 1831 primum
655 1796 833 1831 superans.
880 1787 934 1820 Ac
955 1789 1091 1821 tantum
1110 1785 1229 1828 abest,
1252 1789 1291 1820 ut
1309 1785 1468 1820 Tabulae
1486 1786 1768 1822 observationum

176 1850 387 1898 praecisioni
411 1860 547 1896 semper
569 1849 820 1895 respondeant,
844 1853 883 1885 ut
899 1850 999 1896 ipsae
1016 1850 1175 1885 Tabulae
1199 1849 1309 1892 Solis,
1333 1861 1419 1896 quas
1440 1850 1538 1885 initio
1562 1850 1664 1896 hujus
1688 1863 1767 1885 sae-

176 1916 244 1951 culi
270 1913 497 1949 celeberrimi
519 1914 562 1947 de
584 1912 744 1949 Lambre
766 1917 804 1949 et
826 1914 868 1948 de
891 1913 995 1949 Zac-71.
1018 1914 1206 1956 dederunt,
1236 1925 1258 1948 a
1281 1913 1428 1948 Tabulis
1450 1913 1536 1949 meis
1560 1926 1650 1949 anno
1678 1914 1766 1948 1828

177 1981 280 2016 editis
304 1981 359 2025 ¹“),
396 1990 485 2025 quae
507 1989 604 2013 nunc
628 1990 705 2014 cum
728 1979 1032 2014 observationibus
1056 1977 1296 2021 consentiunt,
1332 1977 1395 2011 1o''
1418 1990 1524 2024 saepe
1547 1977 1766 2024 discrepent:

177 2053 331 2080 errorum
361 2054 445 2079 vero
469 2030 632 2086 indices,
655 2042 715 2089 qui
737 2046 819 2078 sunt
840 2043 878 2077 in
907 2043 982 2078 Cel.
1006 2041 1211 2076 Bouvardii
1232 2042 1378 2077 Tabulis
1406 2041 1523 2084 Jovis,
1557 2041 1701 2077 Saturni
1730 2046 1768 2077 et

177 2099 291 2143 Urani
312 2107 405 2142 haud
427 2118 509 2141 raro
534 2106 722 2142 ostendunt
745 2118 901 2149 errores,
930 2106 990 2152 qui
1012 2110 1113 2141 extra
1134 2106 1229 2140 illum
1251 2105 1392 2140 limitem
1415 2105 1640 2150 egrediuntur
1654 2106 1718 2151 ”).

270 2172 444 2206 Incertum
468 2174 541 2212 est,
575 2182 664 2215 quae
685 2182 811 2205 caussa
834 2170 882 2204 sit
904 2171 1025 2204 horum
1048 2181 1213 2204 errorum.
1273 2170 1328 2203 Ab
1352 2168 1439 2215 ipsis
1462 2169 1766 2204 observationibus

178 2249 247 2272 non
270 2238 418 2282 possunt
441 2233 610 2279 originem
632 2234 781 2276 habere,
819 2234 1000 2269 dummodo
1024 2246 1087 2269 eae
1111 2245 1187 2268 cum
1209 2232 1358 2267 Tabulis
1381 2237 1641 2279 comparentur,
1675 2246 1765 2280 quae

177 2302 214 2336 in
238 2299 396 2347 Speculis
421 2302 458 2334 et
480 2299 571 2333 bene
593 2298 772 2332 instructis
797 2302 834 2332 et
851 2302 947 2333 recte
971 2297 1220 2333 administratis
1244 2296 1316 2331 sint
1338 2297 1538 2340 institutae,
1563 2309 1672 2343 eoque
1696 2298 1766 2332 sint

178 2376 338 2407 numero,
367 2367 407 2398 ut
430 2374 618 2397 consensus
643 2373 760 2397 earum
782 2366 917 2397 mutuus
945 2374 966 2397 a
989 2362 1142 2397 fortuitis
1164 2361 1260 2397 vitiis
1285 2373 1345 2396 eas
1368 2361 1498 2396 liberas
1523 2373 1602 2397 esse
1627 2362 1763 2397 doceat.

179 2431 298 2473 Quare
318 2427 497 2463 tribuendi
521 2430 602 2461 sunt
622 2430 682 2461 aut
698 2426 829 2461 rationi
846 2427 1107 2461 observationes
1124 2425 1315 2461 reducendi
1332 2430 1392 2460 aut
1412 2426 1575 2469 Tabulis,
1599 2437 1687 2472 quae
1707 2426 1764 2461 vel

178 2494 215 2528 in
238 2492 430 2528 Elementis
454 2490 634 2538 ellipticis,
656 2491 712 2525 vel
735 2490 773 2524 in
795 2490 919 2537 positis
942 2491 1156 2538 planetarum
1178 2490 1454 2537 perturbantium
1477 2489 1616 2532 massis,
1646 2490 1705 2525 vel
1726 2490 1762 2524 in

178 2558 332 2593 formulis
348 2556 630 2603 perturbationes
655 2555 700 2590 ad
724 2556 889 2591 calculum
909 2556 1153 2591 revocantibus
1173 2554 1282 2589 minus
1302 2555 1480 2600 perfectae
1504 2565 1584 2588 esse
1607 2558 1763 2600 possunt,

179 2628 240 2658 aut
264 2623 431 2658 obscuras
455 2620 655 2666 significant
679 2632 839 2662 caussas,
861 2624 987 2655 motum
1003 2620 1269 2666 perturbantes,
1293 2618 1340 2653 ad
1362 2630 1447 2664 quas
1471 2618 1628 2652 theoriae
1651 2618 1763 2658 lumen

180 2687 328 2722 nondum
349 2685 548 2721 accesserit.
597 2685 668 2720 Sed
691 2685 850 2732 profecto
874 2696 1036 2720 summum
1059 2684 1165 2718 debet
1187 2682 1300 2718 videri
1315 2682 1556 2717 Astronomiae
1572 2681 1763 2728 problema,

178 2752 262 2786 illud
286 2763 392 2798 saepe
416 2750 545 2785 dictum
568 2761 680 2796 neque
702 2754 818 2784 tamen
847 2749 883 2783 in
904 2760 1109 2795 unoquoque
1140 2759 1223 2783 casu
1255 2747 1342 2782 satis
1373 2747 1629 2787 confirmatum,
1660 2757 1763 2791 quam

180 2815 443 2861 diligentissime
458 2814 675 2857 examinare,
700 2826 746 2849 an
762 2813 898 2848 theoria
916 2824 991 2847 cum
1010 2812 1223 2858 experientia
1240 2823 1376 2857 semper
1395 2810 1600 2845 consentiat.
1647 2809 1760 2854 Hujus

180 2880 403 2927 problematis
427 2879 552 2914 solutio
577 2879 747 2925 quumlab
772 2877 862 2912 omni
884 2881 985 2924 parte
1009 2876 1260 2911 studiosissime
1283 2880 1420 2912 tentata
1441 2875 1565 2917 fuerit,
1597 2878 1658 2908 aut
1679 2885 1760 2920 per-

180 2945 274 2979 fecto
290 2948 327 2979 et
343 2945 501 2979 absoluto
516 2943 618 2978 modo
632 2943 890 2978 confirmabitur
906 2941 1041 2977 theoria
1054 2939 1245 2983 Newtonii,
1269 2946 1329 2975 aut
1347 2941 1392 2975 ab
1411 2939 1502 2974 omni
1519 2937 1622 2972 dubio
1640 2937 1761 2983 procul

230 3028 257 3066 ⁹)
302 3031 524 3068 Schamacher,
557 3028 804 3059 Astronomische
828 3026 1054 3063 Nachrichten,
1091 3026 1150 3055 Nr.
1164 3027 1215 3055 133
1239 3028 1271 3054 et
1294 3026 1354 3054 134.

218 3076 260 3114 ⁸⁸)
305 3079 422 3107 Tables
446 3079 568 3107 Astron.
592 3074 731 3114 publiees
754 3085 812 3113 par
835 3076 867 3104 le
884 3074 1011 3103 Bureau
1034 3073 1088 3102 des
1108 3073 1297 3110 Longitudes
1321 3072 1359 3101 de
1378 3070 1508 3100 France.
1554 3069 1657 3106 Paris,
1683 3069 1759 3098 1821.
