2034 3600
1655 179 1806 222 XLIX

254 358 331 394 Jam
354 358 574 405 perspicuum
598 361 674 401 est,
704 357 979 393 Declinationem
1011 359 1159 405 aliquam
1190 357 1249 402 D,
1287 346 1466 395 reductam
1491 359 1655 395 adhibitis
1679 373 1742 396 va-
1810 404 1811 407 Ἰ

105 430 107 432 “
159 422 292 457 loribus
316 423 469 468 ipsorum
493 428 542 470 φ’,
573 437 615 465 α,
646 427 673 471 β
695 422 762 457 hoc
785 422 887 458 modo
910 422 1082 464 inventis,
1110 423 1256 458 liberam
1280 434 1302 458 a
1326 424 1541 465 Quadrantis
1565 425 1742 459 erroribus

160 485 376 521 considerari
406 498 509 532 posse
544 489 581 520 et
610 486 676 521 niti
708 486 792 522 solis
824 486 1167 521 determinationibus
1200 487 1533 530 fundamentalibus,
1567 500 1652 534 quas
1676 488 1744 522 toti

158 550 239 584 huic
263 549 360 596 operi
382 550 527 596 subesse
550 549 686 584 scimus.
754 550 823 585 Pro
853 549 1047 592 sideribus,
1083 562 1173 596 quae
1205 554 1286 585 sunt
1313 551 1349 585 in
1373 551 1501 586 vicinia
1524 551 1744 597 Aequatoris‚

158 618 197 648 ut
219 625 283 660 pro
307 613 409 656 Sole,
442 625 506 660 pro
530 613 701 660 planetis,
734 626 797 660 pro
822 614 938 656 Luna,
972 614 1147 659 quantitas
1176 619 1219 662 β,
1253 614 1381 661 quippe
1406 627 1494 660 quae
1518 615 1745 661 multiplicata

159 678 206 712 sit
221 678 258 712 in
276 677 340 712 Sin
349 676 430 723 ξδ’,
454 678 615 723 exiguum
637 677 673 712 in
698 677 900 724 aequalibus
923 681 961 713 et
983 678 1310 724 septentrionalibus
1335 683 1372 713 et
1395 679 1604 713 australibus
1628 678 1745 713 Decli-

158 741 357 778 nationibus
387 741 565 788 aequalem
596 742 704 776 habet
734 742 914 784 effectum,
952 741 1012 788 qui
1046 754 1121 776 cum
1152 742 1299 787 quadam
1332 742 1631 788 approximatione
1654 742 1744 776 idem

158 805 244 846 erit,
277 817 378 851 quem
401 806 509 840 habet
530 811 558 854 β
581 805 616 840 in
640 805 786 841 medium
811 818 854 840 ex
878 806 922 840 iis
947 805 1064 840 stellis·
1079 806 1411 848 fundamentalibus,
1435 818 1524 852 quae
1548 819 1617 841 non
1641 807 1744 851 longe

158 869 289 917 distant
308 870 352 904 ab
371 871 582 916 Aequatore,
606 874 644 905 et
665 870 703 906 in
726 869 873 904 medium
897 881 942 903 ex
964 868 1033 903 illis
1057 872 1190 914 septem
1208 870 1431 905 Geminorum
1455 871 1576 905 stellis.
1625 871 1746 912 Quare

157 933 334 979 quantitas
365 933 426 968 illa
457 934 606 968 forsitan
629 933 731 979 plane
763 931 875 967 omitti
898 931 1054 978 poterin
1110 932 1182 966 Sed
1205 944 1278 967 rem
1302 937 1465 968 accurate
1490 934 1747 980 dijudicandam

158 996 321 1031 debemus
343 996 392 1031 illi
414 997 627 1042 relinquere,
661 995 720 1042 qui
743 996 819 1041 ipse
842 995 876 1030 in
900 996 966 1030 hoc
990 995 1239 1041 pertractando
1265 996 1448 1031 elaborare
1472 998 1575 1032 velit:
1618 998 1748 1044 optima
1794 989 1798 993 ⁴

157 1061 210 1094 rei
232 1060 438 1096 tractandae
461 1061 553 1095 ratio
576 1065 649 1095 tum
673 1059 805 1107 poterit
828 1059 931 1104 eligi,
967 1071 1069 1104 quum
1093 1071 1210 1093 omnes
1243 1061 1411 1106 cujusque
1434 1060 1659 1106 quinquennii
1683 1063 1747 1096 ob-

158 1124 395 1166 servationes,
430 1136 520 1170 quae
551 1124 632 1159 huic
661 1123 927 1169 investigationi
957 1123 1128 1158 inservire
1158 1124 1312 1170 possint,
1343 1123 1463 1159 licebit
1494 1124 1531 1158 in
1564 1137 1630 1159 uno
1663 1137 1748 1159 con—

158 1191 281 1235 spectu
304 1187 437 1222 videre.
461 1208 508 1214 —-
555 1188 640 1223 Non
664 1188 804 1231 dubito,
839 1187 920 1234 quin
943 1187 1022 1222 talis
1048 1188 1360 1223 Grenovicensium
1391 1188 1671 1223 observationum
1693 1189 1748 1223 in-

157 1251 363 1297 vestigatio,
398 1263 501 1297 quum
523 1252 590 1287 hoc
613 1253 836 1287 fundamento
860 1251 1019 1287 reductio
1043 1253 1169 1298 longae
1192 1251 1504 1298 Maekelyniarum
1529 1253 1748 1287 observatio-

158 1328 237 1351 num
261 1315 366 1350 seriei
388 1316 539 1358 nitatur,
574 1303 792 1352 utilissimum
825 1328 911 1363 opus
943 1316 1010 1359 sit,
1052 1317 1144 1362 quod
1169 1316 1246 1362 quis
1271 1316 1448 1362 suscipere
1471 1316 1584 1362 possit
1616 1317 1662 1350 ad
1686 1328 1748 1351 au—

158 1381 306 1426 gendam
329 1380 528 1427 systematis
553 1381 686 1416 Solaris
712 1381 954 1428 cognitionem.
1001 1381 1126 1419 ,Certe
1148 1380 1329 1423 reductio,
1367 1392 1469 1426 quam
1493 1392 1598 1426 supra
1623 1384 1748 1426 optan-

158 1445 236 1479 dam
259 1444 382 1491 putavi
405 1444 685 1479 observationum
709 1457 893 1492 corporum
915 1445 1116 1491 systematis
1131 1444 1264 1479 Solaris
1287 1443 1370 1478 inde
1394 1445 1439 1479 ab
1463 1456 1554 1479 anno
1579 1443 1672 1479 1750
1694 1444 1748 1478 in-

132 1530 134 1533 -
159 1509 376 1551 stitutarum,
407 1508 555 1543 maxima
578 1521 621 1543 ex
645 1513 746 1555 parte
770 1511 815 1544 ab
838 1509 918 1552 illo,
953 1521 1054 1555 quem
1075 1508 1249 1550 indicavi,
1283 1508 1414 1555 pendet
1445 1508 1575 1543 labore.

736 1626 978 1675 Tabula
1028 1625 1164 1673 XII.

593 1719 784 1760 Reductio
831 1720 1144 1759 observationum
1194 1717 1311 1760 Solis.

251 1807 352 1842 Haec
375 1807 531 1849 Tabula,
564 1819 654 1852 quae
683 1819 747 1854 pro
777 1807 872 1842 veris
896 1807 977 1842 anni
1000 1806 1079 1842 ficti
1104 1806 1195 1840 1800
1225 1805 1434 1841 meridiebus
1459 1808 1656 1852 computata
1681 1808 1747 1847 est,

158 1871 258 1916 cujus
282 1872 528 1916 Argumentum
552 1882 637 1916 ergo
662 1883 799 1918 quoque
821 1869 912 1906 Dies
935 1871 1101 1906 reductus
1126 1875 1197 1913 est,
1230 1870 1405 1905 continet:

209 1935 248 1980 1)
297 1934 434 1970 Moram
455 1935 626 1970 transitus
659 1935 748 1970 disci
770 1935 923 1978 Solaris,
951 1939 1107 1981 tempore
1130 1935 1269 1969 sidereo
1294 1945 1493 1980 expressam
1518 1934 1661 1979 ejusque
1684 1945 1749 1968 va-

300 1999 483 2034 riationem
504 2000 737 2042 saecularem
1412 2041 1415 2044 ι
1761 1990 1763 1992 ’

207 2063 249 2107 2)
297 2062 557 2108 Logarithmum
580 2063 743 2097 Factoris
775 2062 871 2109 (F),
908 2073 1054 2108 quocum
1076 2062 1211 2096 filorum
1234 2061 1329 2095 Tubi
1361 2060 1542 2095 meridiani
1564 2061 1750 2096 intervalla

301 2132 458 2173 tempore
487 2138 655 2173 expressa
686 2131 767 2161 sunt
795 2125 1074 2172 multiplicanda,
1117 2130 1157 2158 ut
1180 2130 1313 2170 tempus
1345 2124 1543 2160 inveniatur
1565 2125 1748 2168 sidereum,

303 2191 397 2237 quod
422 2191 485 2224 Sol
506 2190 543 2224 in
567 2190 621 2224 his
644 2189 839 2224 intervallis
864 2188 1089 2223 conficiendis
1113 2194 1309 2229 consumat;

209 2255 251 2299 3)
300 2254 491 2289 naturalem
509 2255 726 2299 Tangentem
748 2258 784 2288 et
800 2253 986 2287 Secantem
1003 2252 1254 2287 Declinationis
1273 2252 1426 2294 Solaris,
1451 2264 1540 2296 quae
1554 2252 1751 2287 reductioni

303 2319 475 2353 transitus
499 2330 562 2364 per
585 2318 733 2353 medium
755 2317 850 2352 filum
873 2317 918 2351 ad
936 2316 1162 2351 meridianum
1185 2316 1371 2350 secundum
1391 2316 1551 2351 usitatam
1568 2317 1750 2352 formulam

706 2389 834 2422 m÷n
858 2379 1081 2425 'Panga-fc
1105 2379 1234 2415 Seca‘

303 2427 515 2472 inserviant3

211 2495 252 2539 4)
302 2494 530 2540 quantitatem
555 2503 579 2527 a
604 2495 640 2527 et
663 2492 903 2537 logarithmum
928 2490 968 2533 b,
1009 2491 1132 2537 quibus
1165 2491 1330 2526 adhibitis
1356 2491 1523 2526 distantia
1557 2491 1632 2525 sive
1655 2491 1750 2525 zeni-

305 2557 410 2593 thalis
439 2557 514 2592 sive
544 2557 674 2603 polaris
707 2557 753 2591 ad
775 2556 991 2590 horizontale
1020 2556 1114 2590 filum
1145 2555 1363 2590 instrumenti
1396 2555 1557 2590 collocati
1586 2555 1623 2589 in
1647 2554 1750 2589 meri*-

307 2622 409 2657 diano
435 2622 624 2656 observata
645 2625 801 2667 tempore
825 2625 859 2662 t,
893 2620 1031 2655 minutis
1054 2608 1219 2654 secundis
1245 2631 1433 2667 expresso,
1473 2623 1554 2654 ante
1586 2619 1751 2653 culmina-

306 2687 435 2723 tionem
457 2686 608 2733 positive
632 2689 766 2732 sumpto
790 2671 978 2719 secundina
998 2685 1179 2720 formulam

841 2754 1063 2839 {¹524th

308 2856 518 2896 reducatur3

216 2919 257 2964 5)
305 2920 454 2955 Radium
478 2919 567 2954 disci
590 2919 741 2961 Solaris,
774 2919 917 2963 ejusque
940 2917 1165 2952 variationem
1190 2915 1422 2956 saecularem3

218 2984 258 3028 6)
309 2984 509 3019 Columnam
532 2995 696 3026 vacuam,
719 2983 756 3017 in
780 2994 847 3029 qua
870 2982 1014 3016 inscribi
1035 2981 1167 3028 poterit
1189 2992 1252 3027 pro
1276 2989 1482 3025 unaquaque
1506 2976 1647 3022 specula
1663 2975 1751 3010 Par-

310 3048 430 3082 allaxis
453 3048 655 3083 altitudinis.
